%YAML 1.1
%TAG !u! tag:unity3d.com,2011:
--- !u!1 &4898150227254269324
GameObject:
  m_ObjectHideFlags: 0
  m_CorrespondingSourceObject: {fileID: 0}
  m_PrefabInstance: {fileID: 0}
  m_PrefabAsset: {fileID: 0}
  serializedVersion: 6
  m_Component:
  - component: {fileID: 3330227485518407580}
  m_Layer: 9
  m_Name: selfDesign
  m_TagString: Untagged
  m_Icon: {fileID: 0}
  m_NavMeshLayer: 0
  m_StaticEditorFlags: 0
  m_IsActive: 1
--- !u!4 &3330227485518407580
Transform:
  m_ObjectHideFlags: 0
  m_CorrespondingSourceObject: {fileID: 0}
  m_PrefabInstance: {fileID: 0}
  m_PrefabAsset: {fileID: 0}
  m_GameObject: {fileID: 4898150227254269324}
  m_LocalRotation: {x: 0, y: 0, z: 0, w: 1}
  m_LocalPosition: {x: 0, y: 0, z: 0}
  m_LocalScale: {x: 1, y: 1, z: 1}
  m_Children: []
  m_Father: {fileID: 5112733448330161299}
  m_RootOrder: 7
  m_LocalEulerAnglesHint: {x: 0, y: 0, z: 0}
--- !u!1 &5112733448689472640
GameObject:
  m_ObjectHideFlags: 0
  m_CorrespondingSourceObject: {fileID: 0}
  m_PrefabInstance: {fileID: 0}
  m_PrefabAsset: {fileID: 0}
  serializedVersion: 6
  m_Component:
  - component: {fileID: 5112733448689371314}
  m_Layer: 9
  m_Name: FL_Lower_Leg_End
  m_TagString: Untagged
  m_Icon: {fileID: 0}
  m_NavMeshLayer: 0
  m_StaticEditorFlags: 0
  m_IsActive: 1
--- !u!4 &5112733448689371314
Transform:
  m_ObjectHideFlags: 0
  m_CorrespondingSourceObject: {fileID: 0}
  m_PrefabInstance: {fileID: 0}
  m_PrefabAsset: {fileID: 0}
  m_GameObject: {fileID: 5112733448689472640}
  m_LocalRotation: {x: 0.10816073, y: 0.9941334, z: 2.740416e-15, w: 1.3205935e-17}
  m_LocalPosition: {x: -1.5043225, y: 1.667734e-16, z: -3.3026932e-16}
  m_LocalScale: {x: 1, y: 1, z: 1}
  m_Children:
  - {fileID: 5112733448689371312}
  m_Father: {fileID: 5112733448689371316}
  m_RootOrder: 0
  m_LocalEulerAnglesHint: {x: 0, y: 0, z: 0}
--- !u!1 &5112733448689472642
GameObject:
  m_ObjectHideFlags: 0
  m_CorrespondingSourceObject: {fileID: 0}
  m_PrefabInstance: {fileID: 0}
  m_PrefabAsset: {fileID: 0}
  serializedVersion: 6
  m_Component:
  - component: {fileID: 5112733448689371316}
  m_Layer: 9
  m_Name: FL_Lower_Leg
  m_TagString: Untagged
  m_Icon: {fileID: 0}
  m_NavMeshLayer: 0
  m_StaticEditorFlags: 0
  m_IsActive: 1
--- !u!4 &5112733448689371316
Transform:
  m_ObjectHideFlags: 0
  m_CorrespondingSourceObject: {fileID: 0}
  m_PrefabInstance: {fileID: 0}
  m_PrefabAsset: {fileID: 0}
  m_GameObject: {fileID: 5112733448689472642}
  m_LocalRotation: {x: 0.092334725, y: 0.1470646, z: 0.8340447, w: 0.52365625}
  m_LocalPosition: {x: -0.7248056, y: -1.07969185e-16, z: -1.6093917e-16}
  m_LocalScale: {x: 1, y: 1, z: 1}
  m_Children:
  - {fileID: 5112733448689371314}
  m_Father: {fileID: 5112733448689371318}
  m_RootOrder: 0
  m_LocalEulerAnglesHint: {x: 0, y: 0, z: 0}
--- !u!1 &5112733448689472644
GameObject:
  m_ObjectHideFlags: 0
  m_CorrespondingSourceObject: {fileID: 0}
  m_PrefabInstance: {fileID: 0}
  m_PrefabAsset: {fileID: 0}
  serializedVersion: 6
  m_Component:
  - component: {fileID: 5112733448689371318}
  m_Layer: 9
  m_Name: FL_Mid_Leg
  m_TagString: Untagged
  m_Icon: {fileID: 0}
  m_NavMeshLayer: 0
  m_StaticEditorFlags: 0
  m_IsActive: 1
--- !u!4 &5112733448689371318
Transform:
  m_ObjectHideFlags: 0
  m_CorrespondingSourceObject: {fileID: 0}
  m_PrefabInstance: {fileID: 0}
  m_PrefabAsset: {fileID: 0}
  m_GameObject: {fileID: 5112733448689472644}
  m_LocalRotation: {x: -0.16039176, y: 0.68867594, z: -0.16039176, w: 0.68867594}
  m_LocalPosition: {x: -0, y: -0.38260263, z: 0.34741703}
  m_LocalScale: {x: 1, y: 1, z: 1}
  m_Children:
  - {fileID: 5112733448689371316}
  m_Father: {fileID: 5112733448689371320}
  m_RootOrder: 0
  m_LocalEulerAnglesHint: {x: 0, y: 0, z: 0}
--- !u!1 &5112733448689472646
GameObject:
  m_ObjectHideFlags: 0
  m_CorrespondingSourceObject: {fileID: 0}
  m_PrefabInstance: {fileID: 0}
  m_PrefabAsset: {fileID: 0}
  serializedVersion: 6
  m_Component:
  - component: {fileID: 5112733448689371320}
  m_Layer: 9
  m_Name: FL_Upper_Leg
  m_TagString: Untagged
  m_Icon: {fileID: 0}
  m_NavMeshLayer: 0
  m_StaticEditorFlags: 0
  m_IsActive: 1
--- !u!4 &5112733448689371320
Transform:
  m_ObjectHideFlags: 0
  m_CorrespondingSourceObject: {fileID: 0}
  m_PrefabInstance: {fileID: 0}
  m_PrefabAsset: {fileID: 0}
  m_GameObject: {fileID: 5112733448689472646}
  m_LocalRotation: {x: -0.14540195, y: -0.35079414, z: -0.05523464, w: 0.9234451}
  m_LocalPosition: {x: -0.727328, y: -0.036535602, z: 0.5182079}
  m_LocalScale: {x: 1, y: 1, z: 1}
  m_Children:
  - {fileID: 5112733448689371318}
  m_Father: {fileID: 5112733448689371304}
  m_RootOrder: 0
  m_LocalEulerAnglesHint: {x: 0, y: 0, z: 0}
--- !u!1 &5112733448689472648
GameObject:
  m_ObjectHideFlags: 0
  m_CorrespondingSourceObject: {fileID: 0}
  m_PrefabInstance: {fileID: 0}
  m_PrefabAsset: {fileID: 0}
  serializedVersion: 6
  m_Component:
  - component: {fileID: 5112733448689371304}
  m_Layer: 9
  m_Name: Pelvis
  m_TagString: Untagged
  m_Icon: {fileID: 0}
  m_NavMeshLayer: 0
  m_StaticEditorFlags: 0
  m_IsActive: 1
--- !u!4 &5112733448689371304
Transform:
  m_ObjectHideFlags: 0
  m_CorrespondingSourceObject: {fileID: 0}
  m_PrefabInstance: {fileID: 0}
  m_PrefabAsset: {fileID: 0}
  m_GameObject: {fileID: 5112733448689472648}
  m_LocalRotation: {x: 0, y: -0, z: -0, w: 1}
  m_LocalPosition: {x: -0, y: 1.25, z: 0}
  m_LocalScale: {x: 1, y: 1, z: 1}
  m_Children:
  - {fileID: 5112733448689371320}
  - {fileID: 5112733448689371278}
  - {fileID: 5112733448689371300}
  - {fileID: 5112733448689371298}
  - {fileID: 5112733448689371268}
  - {fileID: 5112733448689371302}
  m_Father: {fileID: 5112733448689371306}
  m_RootOrder: 0
  m_LocalEulerAnglesHint: {x: 0, y: 0, z: 0}
--- !u!1 &5112733448689472650
GameObject:
  m_ObjectHideFlags: 0
  m_CorrespondingSourceObject: {fileID: 0}
  m_PrefabInstance: {fileID: 0}
  m_PrefabAsset: {fileID: 0}
  serializedVersion: 6
  m_Component:
  - component: {fileID: 5112733448689371306}
  m_Layer: 9
  m_Name: ROOT
  m_TagString: Untagged
  m_Icon: {fileID: 0}
  m_NavMeshLayer: 0
  m_StaticEditorFlags: 0
  m_IsActive: 1
--- !u!4 &5112733448689371306
Transform:
  m_ObjectHideFlags: 0
  m_CorrespondingSourceObject: {fileID: 0}
  m_PrefabInstance: {fileID: 0}
  m_PrefabAsset: {fileID: 0}
  m_GameObject: {fileID: 5112733448689472650}
  m_LocalRotation: {x: 0, y: -0, z: -0, w: 1}
  m_LocalPosition: {x: -0, y: 0, z: 0}
  m_LocalScale: {x: 1, y: 1, z: 1}
  m_Children:
  - {fileID: 5112733448689371304}
  m_Father: {fileID: 5112733448689371310}
  m_RootOrder: 1
  m_LocalEulerAnglesHint: {x: 0, y: 0, z: 0}
--- !u!1 &5112733448689472652
GameObject:
  m_ObjectHideFlags: 0
  m_CorrespondingSourceObject: {fileID: 0}
  m_PrefabInstance: {fileID: 0}
  m_PrefabAsset: {fileID: 0}
  serializedVersion: 6
  m_Component:
  - component: {fileID: 5112733448689371308}
  - component: {fileID: 5112733448694684046}
  m_Layer: 9
  m_Name: Legs_Spider_Lt_Geom
  m_TagString: Untagged
  m_Icon: {fileID: 0}
  m_NavMeshLayer: 0
  m_StaticEditorFlags: 0
  m_IsActive: 1
--- !u!4 &5112733448689371308
Transform:
  m_ObjectHideFlags: 0
  m_CorrespondingSourceObject: {fileID: 0}
  m_PrefabInstance: {fileID: 0}
  m_PrefabAsset: {fileID: 0}
  m_GameObject: {fileID: 5112733448689472652}
  m_LocalRotation: {x: 0, y: -0, z: -0, w: 1}
  m_LocalPosition: {x: -0, y: 0, z: 0}
  m_LocalScale: {x: 1, y: 1, z: 1}
  m_Children: []
  m_Father: {fileID: 5112733448689371310}
  m_RootOrder: 0
  m_LocalEulerAnglesHint: {x: 0, y: 0, z: 0}
--- !u!137 &5112733448694684046
SkinnedMeshRenderer:
  m_ObjectHideFlags: 0
  m_CorrespondingSourceObject: {fileID: 0}
  m_PrefabInstance: {fileID: 0}
  m_PrefabAsset: {fileID: 0}
  m_GameObject: {fileID: 5112733448689472652}
  m_Enabled: 1
  m_CastShadows: 1
  m_ReceiveShadows: 1
  m_DynamicOccludee: 1
  m_MotionVectors: 1
  m_LightProbeUsage: 0
  m_ReflectionProbeUsage: 1
  m_RenderingLayerMask: 1
  m_RendererPriority: 0
  m_Materials:
  - {fileID: 2100000, guid: 8b80dc1528f0e484caffd647f123bdd6, type: 2}
  m_StaticBatchInfo:
    firstSubMesh: 0
    subMeshCount: 0
  m_StaticBatchRoot: {fileID: 0}
  m_ProbeAnchor: {fileID: 0}
  m_LightProbeVolumeOverride: {fileID: 0}
  m_ScaleInLightmap: 1
  m_PreserveUVs: 0
  m_IgnoreNormalsForChartDetection: 0
  m_ImportantGI: 0
  m_StitchLightmapSeams: 0
  m_SelectedEditorRenderState: 3
  m_MinimumChartSize: 4
  m_AutoUVMaxDistance: 0.5
  m_AutoUVMaxAngle: 89
  m_LightmapParameters: {fileID: 0}
  m_SortingLayerID: 0
  m_SortingLayer: 0
  m_SortingOrder: 0
  serializedVersion: 2
  m_Quality: 0
  m_UpdateWhenOffscreen: 0
  m_SkinnedMotionVectors: 1
  m_Mesh: {fileID: 4300000, guid: 60977fd02627e9746a6773f6de2eceb9, type: 3}
  m_Bones:
  - {fileID: 5112733448689371306}
  - {fileID: 5112733448689371304}
  - {fileID: 5112733448689371302}
  - {fileID: 5112733448689371300}
  - {fileID: 5112733448689371298}
  - {fileID: 5112733448689371296}
  - {fileID: 5112733448689371326}
  - {fileID: 5112733448689371324}
  - {fileID: 5112733448689371322}
  - {fileID: 5112733448689371320}
  - {fileID: 5112733448689371318}
  - {fileID: 5112733448689371316}
  - {fileID: 5112733448689371314}
  - {fileID: 5112733448689371312}
  - {fileID: 5112733448689371278}
  - {fileID: 5112733448689371276}
  - {fileID: 5112733448689371274}
  - {fileID: 5112733448689371272}
  - {fileID: 5112733448689371270}
  - {fileID: 5112733448689371268}
  - {fileID: 5112733448689371266}
  - {fileID: 5112733448689371264}
  - {fileID: 5112733448689371294}
  - {fileID: 5112733448689371292}
  m_BlendShapeWeights: []
  m_RootBone: {fileID: 5112733448689371306}
  m_AABB:
    m_Center: {x: -0.00000047683716, y: 0.9040242, z: -0.28136975}
    m_Extent: {x: 2.299762, y: 1.104, z: 2.2810717}
  m_DirtyAABB: 0
--- !u!1 &5112733448689472654
GameObject:
  m_ObjectHideFlags: 0
  m_CorrespondingSourceObject: {fileID: 0}
  m_PrefabInstance: {fileID: 0}
  m_PrefabAsset: {fileID: 0}
  serializedVersion: 6
  m_Component:
  - component: {fileID: 5112733448689371310}
  - component: {fileID: 5112733448698963790}
  - component: {fileID: 7666329638694882477}
  - component: {fileID: 7666329638694882478}
  - component: {fileID: 7666329638694882479}
  - component: {fileID: 7666329638694882472}
  - component: {fileID: 7666329638694882482}
  - component: {fileID: 7586514738308522787}
  m_Layer: 9
  m_Name: Legs_Spider_Lt_Bubble
  m_TagString: Enemy
  m_Icon: {fileID: 0}
  m_NavMeshLayer: 0
  m_StaticEditorFlags: 0
  m_IsActive: 1
--- !u!4 &5112733448689371310
Transform:
  m_ObjectHideFlags: 0
  m_CorrespondingSourceObject: {fileID: 0}
  m_PrefabInstance: {fileID: 0}
  m_PrefabAsset: {fileID: 0}
  m_GameObject: {fileID: 5112733448689472654}
  m_LocalRotation: {x: -0.000000014230654, y: -0.00000005960463, z: 0.000000004419615,
    w: 1}
  m_LocalPosition: {x: -41, y: 15.25, z: 46.34}
  m_LocalScale: {x: 1, y: 1, z: 1}
  m_Children:
  - {fileID: 5112733448689371308}
  - {fileID: 5112733448689371306}
  - {fileID: 6124054815488697575}
  m_Father: {fileID: 0}
  m_RootOrder: 0
  m_LocalEulerAnglesHint: {x: 0, y: 0, z: 0}
--- !u!95 &5112733448698963790
Animator:
  serializedVersion: 3
  m_ObjectHideFlags: 0
  m_CorrespondingSourceObject: {fileID: 0}
  m_PrefabInstance: {fileID: 0}
  m_PrefabAsset: {fileID: 0}
  m_GameObject: {fileID: 5112733448689472654}
  m_Enabled: 1
  m_Avatar: {fileID: 9000000, guid: 60977fd02627e9746a6773f6de2eceb9, type: 3}
  m_Controller: {fileID: 9100000, guid: c9e0be0e79e840a4a817cf857cfb466b, type: 2}
  m_CullingMode: 1
  m_UpdateMode: 0
  m_ApplyRootMotion: 1
  m_LinearVelocityBlending: 0
  m_WarningMessage: 
  m_HasTransformHierarchy: 1
  m_AllowConstantClipSamplingOptimization: 1
  m_KeepAnimatorControllerStateOnDisable: 0
--- !u!54 &7666329638694882477
Rigidbody:
  m_ObjectHideFlags: 0
  m_CorrespondingSourceObject: {fileID: 0}
  m_PrefabInstance: {fileID: 0}
  m_PrefabAsset: {fileID: 0}
  m_GameObject: {fileID: 5112733448689472654}
  serializedVersion: 2
  m_Mass: 50
  m_Drag: 0
  m_AngularDrag: 0.05
  m_UseGravity: 1
  m_IsKinematic: 0
  m_Interpolate: 0
  m_Constraints: 116
  m_CollisionDetection: 0
--- !u!114 &7666329638694882478
MonoBehaviour:
  m_ObjectHideFlags: 0
  m_CorrespondingSourceObject: {fileID: 0}
  m_PrefabInstance: {fileID: 0}
  m_PrefabAsset: {fileID: 0}
  m_GameObject: {fileID: 5112733448689472654}
  m_Enabled: 1
  m_EditorHideFlags: 0
  m_Script: {fileID: 11500000, guid: 07e984a483ad60344bfe18baaf8644cd, type: 3}
  m_Name: 
  m_EditorClassIdentifier: 
  go_pool: {fileID: 0}
  pool: {fileID: 0}
  go_ballPool: {fileID: 0}
  ballPool: {fileID: 0}
  go_sameSpeedPool: {fileID: 0}
  sameSpeedPool: {fileID: 0}
  go_bigBallOnePattern: {fileID: 0}
  bigBallOnePattern: {fileID: 0}
  invisibleBubblePool: {fileID: 0}
  data: {fileID: 0}
  enemyTarget: {fileID: 0}
  emitterHolder: {fileID: 0}
  rotationSpeed: 1
  rotationAngleX: 0
  rotationAngleY: 0
  rotationAngleZ: 1
  bubbles: []
  bubblesIndex: 0
  bigBall: {fileID: 0}
  firstShootingCountDown: 0
  resetShootingTime: 0.3
  totalWaveShootingTime: 0
  rechargeTime: 0
  bubbleEmitter:
  - {fileID: 0}
  shootingTimeCountDown: 0
  totalWaveShootingTimeCountDown: 0
  rechargeTimeCountDown: 0
--- !u!114 &7666329638694882479
MonoBehaviour:
  m_ObjectHideFlags: 0
  m_CorrespondingSourceObject: {fileID: 0}
  m_PrefabInstance: {fileID: 0}
  m_PrefabAsset: {fileID: 0}
  m_GameObject: {fileID: 5112733448689472654}
  m_Enabled: 1
  m_EditorHideFlags: 0
  m_Script: {fileID: 11500000, guid: 809fab753e7b0ff4abc7d17beda0b1f6, type: 3}
  m_Name: 
  m_EditorClassIdentifier: 
  b_IsKyle: 0
  b_IsSpiderRobot: 1
  b_IsLongLegRobot: 0
  b_IsLastBoss: 0
  b_DefenseTower: 0
  b_IsNiceKyle: 0
  b_IsLaserSpiderRobot: 0
  currentState: 0
--- !u!114 &7666329638694882472
MonoBehaviour:
  m_ObjectHideFlags: 0
  m_CorrespondingSourceObject: {fileID: 0}
  m_PrefabInstance: {fileID: 0}
  m_PrefabAsset: {fileID: 0}
  m_GameObject: {fileID: 5112733448689472654}
  m_Enabled: 1
  m_EditorHideFlags: 0
  m_Script: {fileID: 11500000, guid: 31a466e1cd5ebd449a2fd16d8165c5a6, type: 3}
  m_Name: 
  m_EditorClassIdentifier: 
  enemy: {fileID: 0}
  thisEnemyCollider: {fileID: 0}
  bubbleShooter: {fileID: 0}
  controller: {fileID: 0}
  enemyTarget: {fileID: 7666329638694882479}
  fightSystem: {fileID: 0}
  healthPool: {fileID: 0}
  kaiwaWindow: {fileID: 0}
  rayDistance: 2
  Chase_speed: 0.2
  kyleSpeed: 0
  target: {fileID: 0}
  ChaseRange: 1
  nextChaseSpeed: 0
  SightRange: 10
  Rotationspeed: 1.5
  kyleRotation: 0
  rb: {fileID: 0}
  movementVec: {x: 0, y: 0, z: 0}
  dirToPlayer: {x: 0, y: 0, z: 0}
  isChase: 0
  float_nextChase: 0
  float_chaseRate: 0
  fallinBackTime: 0
  fallingBackWaitTime: 0
  inBackRange: 0
  isBack: 0
  backSpeed: 0
  backRang: 5
  backWaitTimer: 0
  backWaitTimeSetting: 0
  shootingToWalkingTimer: 0
  shootingToWalkingTimeSetting: 0
  attackToWalkingTimer: 0
  attackToWalkingTimeSetting: 0
  backWaitTimerMelle: 0
  backWaitTimeMelleSetting: 0
  backWaitTimerKyle: 0
  backWaitTimeKyleSetting: 0
  maxHp: 20000
  currentHp: 0
  isDead: 0
  deathTimer: 0
  C_Damage: 0
  onTriCount: 0
  float_Distance: 10
  float_checkInSight: 20
  float_SlowDownDistance: 0
  float_StopDistance: 0
  melleAttackD_Damage: 0
  melleAttack_Range: 0
  shoot_Damage: 0
  attackRate: 0
  nextAttack: 0
  bool_EnemyIsMoving: 0
  vec_EnemyCurrentVector: {x: 0, y: 0, z: 0}
  float_EnemyCurrentMoveForce: 0
  float_EnemyCurrentMoveSpeed: 0
  float_EnemyMaxSpeed: 0
  float_EnemyMaxRotateSpeed: 0
  float_EnemyTempRotateForce: 0
  bool_Attack: 0
  bool_EnemyHasRemoteAttackProperty: 1
  bool_RotateShootProperty: 0
  go_spiderTurret: {fileID: 5112733448330391731}
  go_spiderTurretEmitter: {fileID: 7666329638218492650}
  f_spiderTurretRotationSpeed: 1.5
  v_spiderAimingAngle: {x: 0, y: 0, z: 0}
  go_LaserParent: {fileID: 0}
  go_ChargeLaser: {fileID: 0}
  go_BeamLaser: {fileID: 0}
  go_SmokeAndSparks: {fileID: 0}
  go_EndLaser: {fileID: 0}
  go_LaserCollider: {fileID: 0}
  f_LaserTimer: 0
  f_LaserRechargeTimeSetting: 0
  f_LaserRechargeTimer: 0
  b_shootVisibleBubble: 0
  b_shootInvisibleBubble: 0
  b_laserColliderOn: 0
  f_LaserColliderShootSpeed: 0
  f_LaserColliderShootTimer: 0
  float_BubbleShootSpeed: 0.2
  float_FirstShootDelayTime: 3
  float_WaveShootTotalTime: 10
  float_WaveShootOverDelayTime: 5
  transArray_Emiiter:
  - {fileID: 7666329638218492651}
  int_BubbleDamage: 0
  float_ShootingDistance: 0
  float_RotationSpeed: 0
  defenseShield: {fileID: 0}
  HaveShield: 0
  Shield: {fileID: 0}
  shieldOpen: 0
  shieldRadius: 0
  shieldPower: 0
  bool_EnemyHasMelleAttackProperty: 0
  bool_InAttackRange: 0
  float_LookRotationSpeed: 0
  float_AttackRange: 10
  float_FirstAttackCountDown: 0
  float_FirstAttackDelayTime: 0
  float_MelleAttackRate: 0
  float_NextMelleAttack: 0
  f_KyleCrazyHealthRate: 0
  f_KyleCrazyTimer: 0
  f_KyleCrazyTimeSetting: 0
  int_MelleAttack_Damage: 0
  MelleAttackAnim: []
  anim: {fileID: 0}
  takeDamage: 0
  machineDamage: 0
  bladeFuryDamage: 0
  isFallingBackDown: 0
  isStandUp: 0
  IsFirstTimeAttack: 0
  IsFirstTimeShoot: 1
  i_KyleStateNumber: 0
  i_LongLegStateNumber: 0
  i_SpiderStateNumber: 0
  i_LaserSpiderStateNumber: 0
  f_LBMoveSpeed: 0.08
  f_LBRotationSpeed: 0.8
  f_LBdirToPlayer: 0
  f_LBTimer: 0
  f_LBTimerTemporarySave: 0
  i_LBStatePattern: 0
  b_LBRotating: 0
  b_LBMoving: 0
  b_LBJumping: 0
  b_LBAttacking: 0
  v_LBVectorChase: {x: 0, y: 0, z: 0}
  rb_LBrb: {fileID: 0}
  f_LBAttackPrepareRange: 8
  f_LBMelleAttackRange1: 3
  f_LBMelleAttackRange2: 4
  f_LBDeciedAttackRange: 0
  f_LBShootAttackRange: 10
  i_LBMelleAttackPattern: 0
  i_LBShootAttackPattern: 0
  b_LBEmitterRotate: 0
  f_LBLeaveStateDistance: 0
  i_LBHowManyIdleTimesToShootBigBall: 0
  f_LastBossStartActionRange: 0
  v_LBJumpTeleport: {x: 0, y: 0, z: 0}
  go_LBUnderCircleParticle: {fileID: 0}
  go_LBEmitterHolder: {fileID: 0}
  go_LBAttackEmitterHolder: {fileID: 0}
  go_LBJumpShoot: []
  go_LBShootCircle: []
  go_LBShootKome: []
  go_LBShootStar: []
  go_LBShootTriangle: []
  go_LBShootBigBall: []
  go_LBShootBigBall2: []
  go_LBShootAttack1: []
  go_LBShootBigBallTernado: []
  go_LBJumpShock: {fileID: 0}
  f_NKTimer: 0
  f_NKSpeakRange: 0
  f_NKMoveSpeed: 0
  f_NKRotateSpeed: 0
  i_NKStateNumber: 0
  b_NKRotate: 0
  q_NKStartAngle: {x: 0, y: 0, z: 0, w: 0}
  b_NKMove: 0
  otherEnemies: []
  f_NKAttackRange: 0
  v_NKdirToTarget: {x: 0, y: 0, z: 0}
  v_NKmoveVector: {x: 0, y: 0, z: 0}
  go_NKTargetPosition: []
  v_NKAngleToTarget: {x: 0, y: 0, z: 0}
  i_NKTargetPositionIndex: 0
--- !u!135 &7666329638694882482
SphereCollider:
  m_ObjectHideFlags: 0
  m_CorrespondingSourceObject: {fileID: 0}
  m_PrefabInstance: {fileID: 0}
  m_PrefabAsset: {fileID: 0}
  m_GameObject: {fileID: 5112733448689472654}
  m_Material: {fileID: 0}
  m_IsTrigger: 0
  m_Enabled: 1
  serializedVersion: 2
  m_Radius: 2.1169248
  m_Center: {x: 0, y: 1.6169248, z: 0}
--- !u!136 &7586514738308522787
CapsuleCollider:
  m_ObjectHideFlags: 0
  m_CorrespondingSourceObject: {fileID: 0}
  m_PrefabInstance: {fileID: 0}
  m_PrefabAsset: {fileID: 0}
  m_GameObject: {fileID: 5112733448689472654}
  m_Material: {fileID: 0}
  m_IsTrigger: 0
  m_Enabled: 0
  m_Radius: 1.46
  m_Height: 4.16419
  m_Direction: 1
  m_Center: {x: 6.6751834e-16, y: 1.6156418, z: -2.5791012e-15}
--- !u!1 &5112733448689472656
GameObject:
  m_ObjectHideFlags: 0
  m_CorrespondingSourceObject: {fileID: 0}
  m_PrefabInstance: {fileID: 0}
  m_PrefabAsset: {fileID: 0}
  serializedVersion: 6
  m_Component:
  - component: {fileID: 5112733448689371298}
  m_Layer: 9
  m_Name: RL_Upper_Leg
  m_TagString: Untagged
  m_Icon: {fileID: 0}
  m_NavMeshLayer: 0
  m_StaticEditorFlags: 0
  m_IsActive: 1
--- !u!4 &5112733448689371298
Transform:
  m_ObjectHideFlags: 0
  m_CorrespondingSourceObject: {fileID: 0}
  m_PrefabInstance: {fileID: 0}
  m_PrefabAsset: {fileID: 0}
  m_GameObject: {fileID: 5112733448689472656}
  m_LocalRotation: {x: 0.24462378, y: 0.23994769, z: -0.062618695, w: 0.9373704}
  m_LocalPosition: {x: -0.727328, y: -0.036535602, z: -0.63449764}
  m_LocalScale: {x: 1, y: 1, z: 1}
  m_Children:
  - {fileID: 5112733448689371296}
  m_Father: {fileID: 5112733448689371304}
  m_RootOrder: 3
  m_LocalEulerAnglesHint: {x: 0, y: 0, z: 0}
--- !u!1 &5112733448689472658
GameObject:
  m_ObjectHideFlags: 0
  m_CorrespondingSourceObject: {fileID: 0}
  m_PrefabInstance: {fileID: 0}
  m_PrefabAsset: {fileID: 0}
  serializedVersion: 6
  m_Component:
  - component: {fileID: 5112733448689371300}
  m_Layer: 9
  m_Name: FrontPlate
  m_TagString: Untagged
  m_Icon: {fileID: 0}
  m_NavMeshLayer: 0
  m_StaticEditorFlags: 0
  m_IsActive: 1
--- !u!4 &5112733448689371300
Transform:
  m_ObjectHideFlags: 0
  m_CorrespondingSourceObject: {fileID: 0}
  m_PrefabInstance: {fileID: 0}
  m_PrefabAsset: {fileID: 0}
  m_GameObject: {fileID: 5112733448689472658}
  m_LocalRotation: {x: 0, y: -0, z: -0, w: 1}
  m_LocalPosition: {x: -0, y: 0.09673511, z: 0.66951287}
  m_LocalScale: {x: 1, y: 1, z: 1}
  m_Children: []
  m_Father: {fileID: 5112733448689371304}
  m_RootOrder: 2
  m_LocalEulerAnglesHint: {x: 0, y: 0, z: 0}
--- !u!1 &5112733448689472660
GameObject:
  m_ObjectHideFlags: 0
  m_CorrespondingSourceObject: {fileID: 0}
  m_PrefabInstance: {fileID: 0}
  m_PrefabAsset: {fileID: 0}
  serializedVersion: 6
  m_Component:
  - component: {fileID: 5112733448689371270}
  m_Layer: 9
  m_Name: FR_Foot
  m_TagString: Untagged
  m_Icon: {fileID: 0}
  m_NavMeshLayer: 0
  m_StaticEditorFlags: 0
  m_IsActive: 1
--- !u!4 &5112733448689371270
Transform:
  m_ObjectHideFlags: 0
  m_CorrespondingSourceObject: {fileID: 0}
  m_PrefabInstance: {fileID: 0}
  m_PrefabAsset: {fileID: 0}
  m_GameObject: {fileID: 5112733448689472660}
  m_LocalRotation: {x: -0.4429858, y: 0.5511476, z: 0.4429858, w: 0.5511476}
  m_LocalPosition: {x: -0.12026119, y: -0.040105693, z: 0.00000002678587}
  m_LocalScale: {x: 1, y: 1, z: 1}
  m_Children: []
  m_Father: {fileID: 5112733448689371272}
  m_RootOrder: 0
  m_LocalEulerAnglesHint: {x: 0, y: 0, z: 0}
--- !u!1 &5112733448689472662
GameObject:
  m_ObjectHideFlags: 0
  m_CorrespondingSourceObject: {fileID: 0}
  m_PrefabInstance: {fileID: 0}
  m_PrefabAsset: {fileID: 0}
  serializedVersion: 6
  m_Component:
  - component: {fileID: 5112733448689371272}
  m_Layer: 9
  m_Name: FR_Lower_Leg_End
  m_TagString: Untagged
  m_Icon: {fileID: 0}
  m_NavMeshLayer: 0
  m_StaticEditorFlags: 0
  m_IsActive: 1
--- !u!4 &5112733448689371272
Transform:
  m_ObjectHideFlags: 0
  m_CorrespondingSourceObject: {fileID: 0}
  m_PrefabInstance: {fileID: 0}
  m_PrefabAsset: {fileID: 0}
  m_GameObject: {fileID: 5112733448689472662}
  m_LocalRotation: {x: 0.10816073, y: 0.9941334, z: 1.8574482e-15, w: -8.286009e-17}
  m_LocalPosition: {x: 1.5043179, y: -0.000000038825796, z: 1.4210854e-16}
  m_LocalScale: {x: 1, y: 1, z: 1}
  m_Children:
  - {fileID: 5112733448689371270}
  m_Father: {fileID: 5112733448689371274}
  m_RootOrder: 0
  m_LocalEulerAnglesHint: {x: 0, y: 0, z: 0}
--- !u!1 &5112733448689472664
GameObject:
  m_ObjectHideFlags: 0
  m_CorrespondingSourceObject: {fileID: 0}
  m_PrefabInstance: {fileID: 0}
  m_PrefabAsset: {fileID: 0}
  serializedVersion: 6
  m_Component:
  - component: {fileID: 5112733448689371274}
  m_Layer: 9
  m_Name: FR_Lower_Leg
  m_TagString: Untagged
  m_Icon: {fileID: 0}
  m_NavMeshLayer: 0
  m_StaticEditorFlags: 0
  m_IsActive: 1
--- !u!4 &5112733448689371274
Transform:
  m_ObjectHideFlags: 0
  m_CorrespondingSourceObject: {fileID: 0}
  m_PrefabInstance: {fileID: 0}
  m_PrefabAsset: {fileID: 0}
  m_GameObject: {fileID: 5112733448689472664}
  m_LocalRotation: {x: 0.09233461, y: 0.14706464, z: 0.83404434, w: 0.5236567}
  m_LocalPosition: {x: 0.72480613, y: 0.0000036379242, z: 1.4210854e-16}
  m_LocalScale: {x: 1, y: 1, z: 1}
  m_Children:
  - {fileID: 5112733448689371272}
  m_Father: {fileID: 5112733448689371276}
  m_RootOrder: 0
  m_LocalEulerAnglesHint: {x: 0, y: 0, z: 0}
--- !u!1 &5112733448689472666
GameObject:
  m_ObjectHideFlags: 0
  m_CorrespondingSourceObject: {fileID: 0}
  m_PrefabInstance: {fileID: 0}
  m_PrefabAsset: {fileID: 0}
  serializedVersion: 6
  m_Component:
  - component: {fileID: 5112733448689371276}
  m_Layer: 9
  m_Name: FR_Mid_Leg
  m_TagString: Untagged
  m_Icon: {fileID: 0}
  m_NavMeshLayer: 0
  m_StaticEditorFlags: 0
  m_IsActive: 1
--- !u!4 &5112733448689371276
Transform:
  m_ObjectHideFlags: 0
  m_CorrespondingSourceObject: {fileID: 0}
  m_PrefabInstance: {fileID: 0}
  m_PrefabAsset: {fileID: 0}
  m_GameObject: {fileID: 5112733448689472666}
  m_LocalRotation: {x: -0.16039102, y: 0.68867606, z: -0.16039102, w: 0.68867606}
  m_LocalPosition: {x: -0, y: 0.38259998, z: -0.347417}
  m_LocalScale: {x: 1, y: 1, z: 1}
  m_Children:
  - {fileID: 5112733448689371274}
  m_Father: {fileID: 5112733448689371278}
  m_RootOrder: 0
  m_LocalEulerAnglesHint: {x: 0, y: 0, z: 0}
--- !u!1 &5112733448689472668
GameObject:
  m_ObjectHideFlags: 0
  m_CorrespondingSourceObject: {fileID: 0}
  m_PrefabInstance: {fileID: 0}
  m_PrefabAsset: {fileID: 0}
  serializedVersion: 6
  m_Component:
  - component: {fileID: 5112733448689371278}
  m_Layer: 9
  m_Name: FR_Upper_Leg
  m_TagString: Untagged
  m_Icon: {fileID: 0}
  m_NavMeshLayer: 0
  m_StaticEditorFlags: 0
  m_IsActive: 1
--- !u!4 &5112733448689371278
Transform:
  m_ObjectHideFlags: 0
  m_CorrespondingSourceObject: {fileID: 0}
  m_PrefabInstance: {fileID: 0}
  m_PrefabAsset: {fileID: 0}
  m_GameObject: {fileID: 5112733448689472668}
  m_LocalRotation: {x: 0.9234451, y: 0.055234414, z: -0.35079405, w: 0.14540243}
  m_LocalPosition: {x: 0.727328, y: -0.036539998, z: 0.51820797}
  m_LocalScale: {x: 1, y: 1, z: 1}
  m_Children:
  - {fileID: 5112733448689371276}
  m_Father: {fileID: 5112733448689371304}
  m_RootOrder: 1
  m_LocalEulerAnglesHint: {x: 0, y: 0, z: 0}
--- !u!1 &5112733448689472670
GameObject:
  m_ObjectHideFlags: 0
  m_CorrespondingSourceObject: {fileID: 0}
  m_PrefabInstance: {fileID: 0}
  m_PrefabAsset: {fileID: 0}
  serializedVersion: 6
  m_Component:
  - component: {fileID: 5112733448689371312}
  m_Layer: 9
  m_Name: FL_Foot
  m_TagString: Untagged
  m_Icon: {fileID: 0}
  m_NavMeshLayer: 0
  m_StaticEditorFlags: 0
  m_IsActive: 1
--- !u!4 &5112733448689371312
Transform:
  m_ObjectHideFlags: 0
  m_CorrespondingSourceObject: {fileID: 0}
  m_PrefabInstance: {fileID: 0}
  m_PrefabAsset: {fileID: 0}
  m_GameObject: {fileID: 5112733448689472670}
  m_LocalRotation: {x: -0.4429858, y: 0.5511475, z: 0.4429858, w: 0.5511475}
  m_LocalPosition: {x: 0.12026269, y: 0.040111005, z: -0.00000007733359}
  m_LocalScale: {x: 1, y: 1, z: 1}
  m_Children: []
  m_Father: {fileID: 5112733448689371314}
  m_RootOrder: 0
  m_LocalEulerAnglesHint: {x: 0, y: 0, z: 0}
--- !u!1 &5112733448689472736
GameObject:
  m_ObjectHideFlags: 0
  m_CorrespondingSourceObject: {fileID: 0}
  m_PrefabInstance: {fileID: 0}
  m_PrefabAsset: {fileID: 0}
  serializedVersion: 6
  m_Component:
  - component: {fileID: 5112733448689371294}
  m_Layer: 9
  m_Name: RR_Lower_Leg_End
  m_TagString: Untagged
  m_Icon: {fileID: 0}
  m_NavMeshLayer: 0
  m_StaticEditorFlags: 0
  m_IsActive: 1
--- !u!4 &5112733448689371294
Transform:
  m_ObjectHideFlags: 0
  m_CorrespondingSourceObject: {fileID: 0}
  m_PrefabInstance: {fileID: 0}
  m_PrefabAsset: {fileID: 0}
  m_GameObject: {fileID: 5112733448689472736}
  m_LocalRotation: {x: 0.10173483, y: 0.9948116, z: -2.1265375e-14, w: -4.237333e-18}
  m_LocalPosition: {x: 1.5113276, y: 0.00000010320206, z: 0}
  m_LocalScale: {x: 1, y: 1, z: 1}
  m_Children:
  - {fileID: 5112733448689371292}
  m_Father: {fileID: 5112733448689371264}
  m_RootOrder: 0
  m_LocalEulerAnglesHint: {x: 0, y: 0, z: 0}
--- !u!1 &5112733448689472738
GameObject:
  m_ObjectHideFlags: 0
  m_CorrespondingSourceObject: {fileID: 0}
  m_PrefabInstance: {fileID: 0}
  m_PrefabAsset: {fileID: 0}
  serializedVersion: 6
  m_Component:
  - component: {fileID: 5112733448689371264}
  m_Layer: 9
  m_Name: RR_Lower_Leg
  m_TagString: Untagged
  m_Icon: {fileID: 0}
  m_NavMeshLayer: 0
  m_StaticEditorFlags: 0
  m_IsActive: 1
--- !u!4 &5112733448689371264
Transform:
  m_ObjectHideFlags: 0
  m_CorrespondingSourceObject: {fileID: 0}
  m_PrefabInstance: {fileID: 0}
  m_PrefabAsset: {fileID: 0}
  m_GameObject: {fileID: 5112733448689472738}
  m_LocalRotation: {x: -3.79491e-18, y: 2.6818946e-17, z: 0.77722293, w: 0.6292253}
  m_LocalPosition: {x: 0.62567127, y: 0.0021539968, z: 0}
  m_LocalScale: {x: 1, y: 1, z: 1}
  m_Children:
  - {fileID: 5112733448689371294}
  m_Father: {fileID: 5112733448689371266}
  m_RootOrder: 0
  m_LocalEulerAnglesHint: {x: 0, y: 0, z: 0}
--- !u!1 &5112733448689472740
GameObject:
  m_ObjectHideFlags: 0
  m_CorrespondingSourceObject: {fileID: 0}
  m_PrefabInstance: {fileID: 0}
  m_PrefabAsset: {fileID: 0}
  serializedVersion: 6
  m_Component:
  - component: {fileID: 5112733448689371266}
  m_Layer: 9
  m_Name: RR_Mid_Leg
  m_TagString: Untagged
  m_Icon: {fileID: 0}
  m_NavMeshLayer: 0
  m_StaticEditorFlags: 0
  m_IsActive: 1
--- !u!4 &5112733448689371266
Transform:
  m_ObjectHideFlags: 0
  m_CorrespondingSourceObject: {fileID: 0}
  m_PrefabInstance: {fileID: 0}
  m_PrefabAsset: {fileID: 0}
  m_GameObject: {fileID: 5112733448689472740}
  m_LocalRotation: {x: 0.09095909, y: -0.70123214, z: -0.09095909, w: 0.70123214}
  m_LocalPosition: {x: -1.4210854e-16, y: 0.46872002, z: 0.17301795}
  m_LocalScale: {x: 1, y: 1, z: 1}
  m_Children:
  - {fileID: 5112733448689371264}
  m_Father: {fileID: 5112733448689371268}
  m_RootOrder: 0
  m_LocalEulerAnglesHint: {x: 0, y: 0, z: 0}
--- !u!1 &5112733448689472742
GameObject:
  m_ObjectHideFlags: 0
  m_CorrespondingSourceObject: {fileID: 0}
  m_PrefabInstance: {fileID: 0}
  m_PrefabAsset: {fileID: 0}
  serializedVersion: 6
  m_Component:
  - component: {fileID: 5112733448689371268}
  m_Layer: 9
  m_Name: RR_Upper_Leg
  m_TagString: Untagged
  m_Icon: {fileID: 0}
  m_NavMeshLayer: 0
  m_StaticEditorFlags: 0
  m_IsActive: 1
--- !u!4 &5112733448689371268
Transform:
  m_ObjectHideFlags: 0
  m_CorrespondingSourceObject: {fileID: 0}
  m_PrefabInstance: {fileID: 0}
  m_PrefabAsset: {fileID: 0}
  m_GameObject: {fileID: 5112733448689472742}
  m_LocalRotation: {x: 0.9373704, y: 0.06261856, z: 0.2399477, w: -0.24462378}
  m_LocalPosition: {x: 0.727328, y: -0.036539998, z: -0.634498}
  m_LocalScale: {x: 1, y: 1, z: 1}
  m_Children:
  - {fileID: 5112733448689371266}
  m_Father: {fileID: 5112733448689371304}
  m_RootOrder: 4
  m_LocalEulerAnglesHint: {x: 0, y: 0, z: 0}
--- !u!1 &5112733448689472744
GameObject:
  m_ObjectHideFlags: 0
  m_CorrespondingSourceObject: {fileID: 0}
  m_PrefabInstance: {fileID: 0}
  m_PrefabAsset: {fileID: 0}
  serializedVersion: 6
  m_Component:
  - component: {fileID: 5112733448689371322}
  m_Layer: 9
  m_Name: RL_Foot
  m_TagString: Untagged
  m_Icon: {fileID: 0}
  m_NavMeshLayer: 0
  m_StaticEditorFlags: 0
  m_IsActive: 1
--- !u!4 &5112733448689371322
Transform:
  m_ObjectHideFlags: 0
  m_CorrespondingSourceObject: {fileID: 0}
  m_PrefabInstance: {fileID: 0}
  m_PrefabAsset: {fileID: 0}
  m_GameObject: {fileID: 5112733448689472744}
  m_LocalRotation: {x: 0.44653842, y: -0.5482732, z: 0.44653842, w: 0.5482732}
  m_LocalPosition: {x: 0.14438424, y: 0.07911989, z: 8.3471313e-10}
  m_LocalScale: {x: 1, y: 1, z: 1}
  m_Children: []
  m_Father: {fileID: 5112733448689371324}
  m_RootOrder: 0
  m_LocalEulerAnglesHint: {x: 0, y: 0, z: 0}
--- !u!1 &5112733448689472746
GameObject:
  m_ObjectHideFlags: 0
  m_CorrespondingSourceObject: {fileID: 0}
  m_PrefabInstance: {fileID: 0}
  m_PrefabAsset: {fileID: 0}
  serializedVersion: 6
  m_Component:
  - component: {fileID: 5112733448689371324}
  m_Layer: 9
  m_Name: RL_Lower_Leg_End
  m_TagString: Untagged
  m_Icon: {fileID: 0}
  m_NavMeshLayer: 0
  m_StaticEditorFlags: 0
  m_IsActive: 1
--- !u!4 &5112733448689371324
Transform:
  m_ObjectHideFlags: 0
  m_CorrespondingSourceObject: {fileID: 0}
  m_PrefabInstance: {fileID: 0}
  m_PrefabAsset: {fileID: 0}
  m_GameObject: {fileID: 5112733448689472746}
  m_LocalRotation: {x: 0.10173483, y: 0.9948116, z: -2.1928052e-14, w: -7.200635e-17}
  m_LocalPosition: {x: -1.5113238, y: -2.980214e-16, z: 1.240685e-16}
  m_LocalScale: {x: 1, y: 1, z: 1}
  m_Children:
  - {fileID: 5112733448689371322}
  m_Father: {fileID: 5112733448689371326}
  m_RootOrder: 0
  m_LocalEulerAnglesHint: {x: 0, y: 0, z: 0}
--- !u!1 &5112733448689472748
GameObject:
  m_ObjectHideFlags: 0
  m_CorrespondingSourceObject: {fileID: 0}
  m_PrefabInstance: {fileID: 0}
  m_PrefabAsset: {fileID: 0}
  serializedVersion: 6
  m_Component:
  - component: {fileID: 5112733448689371326}
  m_Layer: 9
  m_Name: RL_Lower_Leg
  m_TagString: Untagged
  m_Icon: {fileID: 0}
  m_NavMeshLayer: 0
  m_StaticEditorFlags: 0
  m_IsActive: 1
--- !u!4 &5112733448689371326
Transform:
  m_ObjectHideFlags: 0
  m_CorrespondingSourceObject: {fileID: 0}
  m_PrefabInstance: {fileID: 0}
  m_PrefabAsset: {fileID: 0}
  m_GameObject: {fileID: 5112733448689472748}
  m_LocalRotation: {x: -1.1185512e-17, y: 7.904961e-17, z: 0.7772237, w: 0.6292244}
  m_LocalPosition: {x: -0.62567085, y: -0.0021534455, z: 2.8409715e-16}
  m_LocalScale: {x: 1, y: 1, z: 1}
  m_Children:
  - {fileID: 5112733448689371324}
  m_Father: {fileID: 5112733448689371296}
  m_RootOrder: 0
  m_LocalEulerAnglesHint: {x: 0, y: 0, z: 0}
--- !u!1 &5112733448689472750
GameObject:
  m_ObjectHideFlags: 0
  m_CorrespondingSourceObject: {fileID: 0}
  m_PrefabInstance: {fileID: 0}
  m_PrefabAsset: {fileID: 0}
  serializedVersion: 6
  m_Component:
  - component: {fileID: 5112733448689371296}
  m_Layer: 9
  m_Name: RL_Mid_Leg
  m_TagString: Untagged
  m_Icon: {fileID: 0}
  m_NavMeshLayer: 0
  m_StaticEditorFlags: 0
  m_IsActive: 1
--- !u!4 &5112733448689371296
Transform:
  m_ObjectHideFlags: 0
  m_CorrespondingSourceObject: {fileID: 0}
  m_PrefabInstance: {fileID: 0}
  m_PrefabAsset: {fileID: 0}
  m_GameObject: {fileID: 5112733448689472750}
  m_LocalRotation: {x: 0.090959474, y: -0.7012321, z: -0.090959474, w: 0.7012321}
  m_LocalPosition: {x: 2.8511298e-16, y: -0.46872836, z: -0.17301787}
  m_LocalScale: {x: 1, y: 1, z: 1}
  m_Children:
  - {fileID: 5112733448689371326}
  m_Father: {fileID: 5112733448689371298}
  m_RootOrder: 0
  m_LocalEulerAnglesHint: {x: 0, y: 0, z: 0}
--- !u!1 &5112733448689472758
GameObject:
  m_ObjectHideFlags: 0
  m_CorrespondingSourceObject: {fileID: 0}
  m_PrefabInstance: {fileID: 0}
  m_PrefabAsset: {fileID: 0}
  serializedVersion: 6
  m_Component:
  - component: {fileID: 5112733448689371286}
  m_Layer: 9
  m_Name: Legs_Top_Cap_Lt
  m_TagString: Untagged
  m_Icon: {fileID: 0}
  m_NavMeshLayer: 0
  m_StaticEditorFlags: 0
  m_IsActive: 1
--- !u!4 &5112733448689371286
Transform:
  m_ObjectHideFlags: 0
  m_CorrespondingSourceObject: {fileID: 0}
  m_PrefabInstance: {fileID: 0}
  m_PrefabAsset: {fileID: 0}
  m_GameObject: {fileID: 5112733448689472758}
  m_LocalRotation: {x: 0, y: 0, z: 0, w: 1}
  m_LocalPosition: {x: -3.1554436e-32, y: 0.0077942386, z: 0}
  m_LocalScale: {x: 1, y: 1, z: 1}
  m_Children:
  - {fileID: 5112733448689371288}
  m_Father: {fileID: 5112733448689371290}
  m_RootOrder: 0
  m_LocalEulerAnglesHint: {x: 0, y: 0, z: 0}
--- !u!1 &5112733448689472760
GameObject:
  m_ObjectHideFlags: 0
  m_CorrespondingSourceObject: {fileID: 0}
  m_PrefabInstance: {fileID: 0}
  m_PrefabAsset: {fileID: 0}
  serializedVersion: 6
  m_Component:
  - component: {fileID: 5112733448689371288}
  - component: {fileID: 5112733448688568462}
  - component: {fileID: 5112733448687471182}
  m_Layer: 9
  m_Name: Legs_Top_Cap_Lt_Geom
  m_TagString: Untagged
  m_Icon: {fileID: 0}
  m_NavMeshLayer: 0
  m_StaticEditorFlags: 0
  m_IsActive: 1
--- !u!4 &5112733448689371288
Transform:
  m_ObjectHideFlags: 0
  m_CorrespondingSourceObject: {fileID: 0}
  m_PrefabInstance: {fileID: 0}
  m_PrefabAsset: {fileID: 0}
  m_GameObject: {fileID: 5112733448689472760}
  m_LocalRotation: {x: 0, y: -0, z: -0, w: 1}
  m_LocalPosition: {x: -0, y: 0, z: 0}
  m_LocalScale: {x: 1, y: 1, z: 1}
  m_Children: []
  m_Father: {fileID: 5112733448689371286}
  m_RootOrder: 0
  m_LocalEulerAnglesHint: {x: 0, y: 0, z: 0}
--- !u!33 &5112733448688568462
MeshFilter:
  m_ObjectHideFlags: 0
  m_CorrespondingSourceObject: {fileID: 0}
  m_PrefabInstance: {fileID: 0}
  m_PrefabAsset: {fileID: 0}
  m_GameObject: {fileID: 5112733448689472760}
  m_Mesh: {fileID: 4300004, guid: 619e57828f65e424ea06ce2df0689529, type: 3}
--- !u!23 &5112733448687471182
MeshRenderer:
  m_ObjectHideFlags: 0
  m_CorrespondingSourceObject: {fileID: 0}
  m_PrefabInstance: {fileID: 0}
  m_PrefabAsset: {fileID: 0}
  m_GameObject: {fileID: 5112733448689472760}
  m_Enabled: 1
  m_CastShadows: 1
  m_ReceiveShadows: 1
  m_DynamicOccludee: 1
  m_MotionVectors: 1
  m_LightProbeUsage: 0
  m_ReflectionProbeUsage: 1
  m_RenderingLayerMask: 1
  m_RendererPriority: 0
  m_Materials:
  - {fileID: 2100000, guid: 8b80dc1528f0e484caffd647f123bdd6, type: 2}
  m_StaticBatchInfo:
    firstSubMesh: 0
    subMeshCount: 0
  m_StaticBatchRoot: {fileID: 0}
  m_ProbeAnchor: {fileID: 0}
  m_LightProbeVolumeOverride: {fileID: 0}
  m_ScaleInLightmap: 1
  m_PreserveUVs: 0
  m_IgnoreNormalsForChartDetection: 0
  m_ImportantGI: 0
  m_StitchLightmapSeams: 0
  m_SelectedEditorRenderState: 3
  m_MinimumChartSize: 4
  m_AutoUVMaxDistance: 0.5
  m_AutoUVMaxAngle: 89
  m_LightmapParameters: {fileID: 0}
  m_SortingLayerID: 0
  m_SortingLayer: 0
  m_SortingOrder: 0
--- !u!1 &5112733448689472762
GameObject:
  m_ObjectHideFlags: 0
  m_CorrespondingSourceObject: {fileID: 0}
  m_PrefabInstance: {fileID: 0}
  m_PrefabAsset: {fileID: 0}
  serializedVersion: 6
  m_Component:
  - component: {fileID: 5112733448689371290}
  m_Layer: 9
  m_Name: Mount_Top
  m_TagString: Untagged
  m_Icon: {fileID: 0}
  m_NavMeshLayer: 0
  m_StaticEditorFlags: 0
  m_IsActive: 1
--- !u!4 &5112733448689371290
Transform:
  m_ObjectHideFlags: 0
  m_CorrespondingSourceObject: {fileID: 0}
  m_PrefabInstance: {fileID: 0}
  m_PrefabAsset: {fileID: 0}
  m_GameObject: {fileID: 5112733448689472762}
  m_LocalRotation: {x: 0, y: -0, z: -0, w: 1}
  m_LocalPosition: {x: 3.1554436e-32, y: -0.0734, z: 0}
  m_LocalScale: {x: 1, y: 1, z: 1}
  m_Children:
  - {fileID: 5112733448689371286}
  - {fileID: 5112733448330161299}
  m_Father: {fileID: 5112733448689371302}
  m_RootOrder: 0
  m_LocalEulerAnglesHint: {x: 0, y: 0, z: 0}
--- !u!1 &5112733448689472764
GameObject:
  m_ObjectHideFlags: 0
  m_CorrespondingSourceObject: {fileID: 0}
  m_PrefabInstance: {fileID: 0}
  m_PrefabAsset: {fileID: 0}
  serializedVersion: 6
  m_Component:
  - component: {fileID: 5112733448689371302}
  m_Layer: 9
  m_Name: Top
  m_TagString: Untagged
  m_Icon: {fileID: 0}
  m_NavMeshLayer: 0
  m_StaticEditorFlags: 0
  m_IsActive: 1
--- !u!4 &5112733448689371302
Transform:
  m_ObjectHideFlags: 0
  m_CorrespondingSourceObject: {fileID: 0}
  m_PrefabInstance: {fileID: 0}
  m_PrefabAsset: {fileID: 0}
  m_GameObject: {fileID: 5112733448689472764}
  m_LocalRotation: {x: 0, y: -0, z: -0, w: 1}
  m_LocalPosition: {x: -0, y: 0.75, z: 0}
  m_LocalScale: {x: 1, y: 1, z: 1}
  m_Children:
  - {fileID: 5112733448689371290}
  m_Father: {fileID: 5112733448689371304}
  m_RootOrder: 5
  m_LocalEulerAnglesHint: {x: 0, y: 0, z: 0}
--- !u!1 &5112733448689472766
GameObject:
  m_ObjectHideFlags: 0
  m_CorrespondingSourceObject: {fileID: 0}
  m_PrefabInstance: {fileID: 0}
  m_PrefabAsset: {fileID: 0}
  serializedVersion: 6
  m_Component:
  - component: {fileID: 5112733448689371292}
  m_Layer: 9
  m_Name: RR_Foot
  m_TagString: Untagged
  m_Icon: {fileID: 0}
  m_NavMeshLayer: 0
  m_StaticEditorFlags: 0
  m_IsActive: 1
--- !u!4 &5112733448689371292
Transform:
  m_ObjectHideFlags: 0
  m_CorrespondingSourceObject: {fileID: 0}
  m_PrefabInstance: {fileID: 0}
  m_PrefabAsset: {fileID: 0}
  m_GameObject: {fileID: 5112733448689472766}
  m_LocalRotation: {x: 0.44653836, y: -0.5482732, z: 0.44653836, w: 0.5482732}
  m_LocalPosition: {x: -0.14438474, y: -0.079122305, z: 0.0000000051849613}
  m_LocalScale: {x: 1, y: 1, z: 1}
  m_Children: []
  m_Father: {fileID: 5112733448689371294}
  m_RootOrder: 0
  m_LocalEulerAnglesHint: {x: 0, y: 0, z: 0}
--- !u!1 &7666329638218492650
GameObject:
  m_ObjectHideFlags: 0
  m_CorrespondingSourceObject: {fileID: 0}
  m_PrefabInstance: {fileID: 0}
  m_PrefabAsset: {fileID: 0}
  serializedVersion: 6
  m_Component:
  - component: {fileID: 7666329638218492651}
  m_Layer: 9
  m_Name: Emitter
  m_TagString: Untagged
  m_Icon: {fileID: 0}
  m_NavMeshLayer: 0
  m_StaticEditorFlags: 0
  m_IsActive: 1
--- !u!4 &7666329638218492651
Transform:
  m_ObjectHideFlags: 0
  m_CorrespondingSourceObject: {fileID: 0}
  m_PrefabInstance: {fileID: 0}
  m_PrefabAsset: {fileID: 0}
  m_GameObject: {fileID: 7666329638218492650}
  m_LocalRotation: {x: -0, y: -0, z: -0, w: 1}
  m_LocalPosition: {x: 0.69, y: 0.778, z: 1.586}
  m_LocalScale: {x: 1, y: 1, z: 1}
  m_Children: []
  m_Father: {fileID: 5112733448330161299}
  m_RootOrder: 6
  m_LocalEulerAnglesHint: {x: 0, y: 0, z: 0}
--- !u!1001 &5112733448242643697
PrefabInstance:
  m_ObjectHideFlags: 0
  serializedVersion: 2
  m_Modification:
    m_TransformParent: {fileID: 5112733448330161307}
    m_Modifications:
    - target: {fileID: 100000, guid: 60757288cecaa1c4dbcd3b9584e38b7a, type: 3}
      propertyPath: m_Name
      value: HalfShoulder_Bot
      objectReference: {fileID: 0}
    - target: {fileID: 100000, guid: 60757288cecaa1c4dbcd3b9584e38b7a, type: 3}
      propertyPath: m_Layer
      value: 9
      objectReference: {fileID: 0}
    - target: {fileID: 400000, guid: 60757288cecaa1c4dbcd3b9584e38b7a, type: 3}
      propertyPath: m_LocalPosition.x
      value: 0
      objectReference: {fileID: 0}
    - target: {fileID: 400000, guid: 60757288cecaa1c4dbcd3b9584e38b7a, type: 3}
      propertyPath: m_LocalPosition.y
      value: 0
      objectReference: {fileID: 0}
    - target: {fileID: 400000, guid: 60757288cecaa1c4dbcd3b9584e38b7a, type: 3}
      propertyPath: m_LocalPosition.z
      value: 0
      objectReference: {fileID: 0}
    - target: {fileID: 400000, guid: 60757288cecaa1c4dbcd3b9584e38b7a, type: 3}
      propertyPath: m_LocalRotation.x
      value: 0
      objectReference: {fileID: 0}
    - target: {fileID: 400000, guid: 60757288cecaa1c4dbcd3b9584e38b7a, type: 3}
      propertyPath: m_LocalRotation.y
      value: -0
      objectReference: {fileID: 0}
    - target: {fileID: 400000, guid: 60757288cecaa1c4dbcd3b9584e38b7a, type: 3}
      propertyPath: m_LocalRotation.z
      value: -0
      objectReference: {fileID: 0}
    - target: {fileID: 400000, guid: 60757288cecaa1c4dbcd3b9584e38b7a, type: 3}
      propertyPath: m_LocalRotation.w
      value: 1
      objectReference: {fileID: 0}
    - target: {fileID: 400000, guid: 60757288cecaa1c4dbcd3b9584e38b7a, type: 3}
      propertyPath: m_RootOrder
      value: 0
      objectReference: {fileID: 0}
    - target: {fileID: 400000, guid: 60757288cecaa1c4dbcd3b9584e38b7a, type: 3}
      propertyPath: m_LocalEulerAnglesHint.x
      value: 0
      objectReference: {fileID: 0}
    - target: {fileID: 400000, guid: 60757288cecaa1c4dbcd3b9584e38b7a, type: 3}
      propertyPath: m_LocalEulerAnglesHint.y
      value: 0
      objectReference: {fileID: 0}
    - target: {fileID: 400000, guid: 60757288cecaa1c4dbcd3b9584e38b7a, type: 3}
      propertyPath: m_LocalEulerAnglesHint.z
      value: 0
      objectReference: {fileID: 0}
    - target: {fileID: 100008, guid: 60757288cecaa1c4dbcd3b9584e38b7a, type: 3}
      propertyPath: m_Layer
      value: 9
      objectReference: {fileID: 0}
    - target: {fileID: 100002, guid: 60757288cecaa1c4dbcd3b9584e38b7a, type: 3}
      propertyPath: m_Layer
      value: 9
      objectReference: {fileID: 0}
    - target: {fileID: 100006, guid: 60757288cecaa1c4dbcd3b9584e38b7a, type: 3}
      propertyPath: m_Layer
      value: 9
      objectReference: {fileID: 0}
    - target: {fileID: 100004, guid: 60757288cecaa1c4dbcd3b9584e38b7a, type: 3}
      propertyPath: m_Layer
      value: 9
      objectReference: {fileID: 0}
    m_RemovedComponents: []
  m_SourcePrefab: {fileID: 100100000, guid: 60757288cecaa1c4dbcd3b9584e38b7a, type: 3}
--- !u!1001 &5112733448330294803
PrefabInstance:
  m_ObjectHideFlags: 0
  serializedVersion: 2
  m_Modification:
    m_TransformParent: {fileID: 5112733448689371290}
    m_Modifications:
    - target: {fileID: 100000, guid: c247f4754f5b779409e3dc67bf84273e, type: 3}
      propertyPath: m_Name
      value: Cockpit_Gun_2x
      objectReference: {fileID: 0}
    - target: {fileID: 100000, guid: c247f4754f5b779409e3dc67bf84273e, type: 3}
      propertyPath: m_Layer
      value: 9
      objectReference: {fileID: 0}
    - target: {fileID: 400000, guid: c247f4754f5b779409e3dc67bf84273e, type: 3}
      propertyPath: m_LocalPosition.x
      value: 0
      objectReference: {fileID: 0}
    - target: {fileID: 400000, guid: c247f4754f5b779409e3dc67bf84273e, type: 3}
      propertyPath: m_LocalPosition.y
      value: 0
      objectReference: {fileID: 0}
    - target: {fileID: 400000, guid: c247f4754f5b779409e3dc67bf84273e, type: 3}
      propertyPath: m_LocalPosition.z
      value: 0
      objectReference: {fileID: 0}
    - target: {fileID: 400000, guid: c247f4754f5b779409e3dc67bf84273e, type: 3}
      propertyPath: m_LocalRotation.x
      value: 0
      objectReference: {fileID: 0}
    - target: {fileID: 400000, guid: c247f4754f5b779409e3dc67bf84273e, type: 3}
      propertyPath: m_LocalRotation.y
      value: -0
      objectReference: {fileID: 0}
    - target: {fileID: 400000, guid: c247f4754f5b779409e3dc67bf84273e, type: 3}
      propertyPath: m_LocalRotation.z
      value: -0
      objectReference: {fileID: 0}
    - target: {fileID: 400000, guid: c247f4754f5b779409e3dc67bf84273e, type: 3}
      propertyPath: m_LocalRotation.w
      value: 1
      objectReference: {fileID: 0}
    - target: {fileID: 400000, guid: c247f4754f5b779409e3dc67bf84273e, type: 3}
      propertyPath: m_RootOrder
      value: 1
      objectReference: {fileID: 0}
    - target: {fileID: 400000, guid: c247f4754f5b779409e3dc67bf84273e, type: 3}
      propertyPath: m_LocalEulerAnglesHint.x
      value: 0
      objectReference: {fileID: 0}
    - target: {fileID: 400000, guid: c247f4754f5b779409e3dc67bf84273e, type: 3}
      propertyPath: m_LocalEulerAnglesHint.y
      value: 0
      objectReference: {fileID: 0}
    - target: {fileID: 400000, guid: c247f4754f5b779409e3dc67bf84273e, type: 3}
      propertyPath: m_LocalEulerAnglesHint.z
      value: 0
      objectReference: {fileID: 0}
    - target: {fileID: 100008, guid: c247f4754f5b779409e3dc67bf84273e, type: 3}
      propertyPath: m_Layer
      value: 9
      objectReference: {fileID: 0}
    - target: {fileID: 100010, guid: c247f4754f5b779409e3dc67bf84273e, type: 3}
      propertyPath: m_Layer
      value: 9
      objectReference: {fileID: 0}
    - target: {fileID: 100002, guid: c247f4754f5b779409e3dc67bf84273e, type: 3}
      propertyPath: m_Layer
      value: 9
      objectReference: {fileID: 0}
    - target: {fileID: 100004, guid: c247f4754f5b779409e3dc67bf84273e, type: 3}
      propertyPath: m_Layer
      value: 9
      objectReference: {fileID: 0}
    - target: {fileID: 100006, guid: c247f4754f5b779409e3dc67bf84273e, type: 3}
      propertyPath: m_Layer
      value: 9
      objectReference: {fileID: 0}
    m_RemovedComponents: []
  m_SourcePrefab: {fileID: 100100000, guid: c247f4754f5b779409e3dc67bf84273e, type: 3}
--- !u!1 &5112733448330391731 stripped
GameObject:
  m_CorrespondingSourceObject: {fileID: 100000, guid: c247f4754f5b779409e3dc67bf84273e,
    type: 3}
  m_PrefabInstance: {fileID: 5112733448330294803}
  m_PrefabAsset: {fileID: 0}
--- !u!4 &5112733448330161299 stripped
Transform:
  m_CorrespondingSourceObject: {fileID: 400000, guid: c247f4754f5b779409e3dc67bf84273e,
    type: 3}
  m_PrefabInstance: {fileID: 5112733448330294803}
  m_PrefabAsset: {fileID: 0}
--- !u!4 &5112733448330161301 stripped
Transform:
  m_CorrespondingSourceObject: {fileID: 400006, guid: c247f4754f5b779409e3dc67bf84273e,
    type: 3}
  m_PrefabInstance: {fileID: 5112733448330294803}
  m_PrefabAsset: {fileID: 0}
--- !u!4 &5112733448330161307 stripped
Transform:
  m_CorrespondingSourceObject: {fileID: 400008, guid: c247f4754f5b779409e3dc67bf84273e,
    type: 3}
  m_PrefabInstance: {fileID: 5112733448330294803}
  m_PrefabAsset: {fileID: 0}
--- !u!4 &5112733448330161305 stripped
Transform:
  m_CorrespondingSourceObject: {fileID: 400010, guid: c247f4754f5b779409e3dc67bf84273e,
    type: 3}
  m_PrefabInstance: {fileID: 5112733448330294803}
  m_PrefabAsset: {fileID: 0}
--- !u!1001 &5112733448473287176
PrefabInstance:
  m_ObjectHideFlags: 0
  serializedVersion: 2
  m_Modification:
    m_TransformParent: {fileID: 5112733448330161301}
    m_Modifications:
    - target: {fileID: 100000, guid: c54bc877b077538459ea7285e34193ed, type: 3}
      propertyPath: m_Name
      value: Top_Weapon_Platform
      objectReference: {fileID: 0}
    - target: {fileID: 100000, guid: c54bc877b077538459ea7285e34193ed, type: 3}
      propertyPath: m_Layer
      value: 9
      objectReference: {fileID: 0}
    - target: {fileID: 400000, guid: c54bc877b077538459ea7285e34193ed, type: 3}
      propertyPath: m_LocalPosition.x
      value: 0
      objectReference: {fileID: 0}
    - target: {fileID: 400000, guid: c54bc877b077538459ea7285e34193ed, type: 3}
      propertyPath: m_LocalPosition.y
      value: 0
      objectReference: {fileID: 0}
    - target: {fileID: 400000, guid: c54bc877b077538459ea7285e34193ed, type: 3}
      propertyPath: m_LocalPosition.z
      value: 0
      objectReference: {fileID: 0}
    - target: {fileID: 400000, guid: c54bc877b077538459ea7285e34193ed, type: 3}
      propertyPath: m_LocalRotation.x
      value: 0
      objectReference: {fileID: 0}
    - target: {fileID: 400000, guid: c54bc877b077538459ea7285e34193ed, type: 3}
      propertyPath: m_LocalRotation.y
      value: 0
      objectReference: {fileID: 0}
    - target: {fileID: 400000, guid: c54bc877b077538459ea7285e34193ed, type: 3}
      propertyPath: m_LocalRotation.z
      value: 0.7071068
      objectReference: {fileID: 0}
    - target: {fileID: 400000, guid: c54bc877b077538459ea7285e34193ed, type: 3}
      propertyPath: m_LocalRotation.w
      value: 0.7071068
      objectReference: {fileID: 0}
    - target: {fileID: 400000, guid: c54bc877b077538459ea7285e34193ed, type: 3}
      propertyPath: m_RootOrder
      value: 0
      objectReference: {fileID: 0}
    - target: {fileID: 400000, guid: c54bc877b077538459ea7285e34193ed, type: 3}
      propertyPath: m_LocalEulerAnglesHint.x
      value: 0
      objectReference: {fileID: 0}
    - target: {fileID: 400000, guid: c54bc877b077538459ea7285e34193ed, type: 3}
      propertyPath: m_LocalEulerAnglesHint.y
      value: 0
      objectReference: {fileID: 0}
    - target: {fileID: 400000, guid: c54bc877b077538459ea7285e34193ed, type: 3}
      propertyPath: m_LocalEulerAnglesHint.z
      value: 0
      objectReference: {fileID: 0}
    - target: {fileID: 100002, guid: c54bc877b077538459ea7285e34193ed, type: 3}
      propertyPath: m_Layer
      value: 9
      objectReference: {fileID: 0}
    - target: {fileID: 100004, guid: c54bc877b077538459ea7285e34193ed, type: 3}
      propertyPath: m_Layer
      value: 9
      objectReference: {fileID: 0}
    m_RemovedComponents: []
  m_SourcePrefab: {fileID: 100100000, guid: c54bc877b077538459ea7285e34193ed, type: 3}
--- !u!1001 &5112733448970846668
PrefabInstance:
  m_ObjectHideFlags: 0
  serializedVersion: 2
  m_Modification:
    m_TransformParent: {fileID: 5112733448330161305}
    m_Modifications:
    - target: {fileID: 100000, guid: cbe626afcfb68814194fc158684d1e6b, type: 3}
      propertyPath: m_Name
      value: Weapon_Shock_Rifle_lvl2
      objectReference: {fileID: 0}
    - target: {fileID: 100000, guid: cbe626afcfb68814194fc158684d1e6b, type: 3}
      propertyPath: m_Layer
      value: 9
      objectReference: {fileID: 0}
    - target: {fileID: 400000, guid: cbe626afcfb68814194fc158684d1e6b, type: 3}
      propertyPath: m_LocalPosition.x
      value: -0
      objectReference: {fileID: 0}
    - target: {fileID: 400000, guid: cbe626afcfb68814194fc158684d1e6b, type: 3}
      propertyPath: m_LocalPosition.y
      value: 0
      objectReference: {fileID: 0}
    - target: {fileID: 400000, guid: cbe626afcfb68814194fc158684d1e6b, type: 3}
      propertyPath: m_LocalPosition.z
      value: 0
      objectReference: {fileID: 0}
    - target: {fileID: 400000, guid: cbe626afcfb68814194fc158684d1e6b, type: 3}
      propertyPath: m_LocalRotation.x
      value: 0
      objectReference: {fileID: 0}
    - target: {fileID: 400000, guid: cbe626afcfb68814194fc158684d1e6b, type: 3}
      propertyPath: m_LocalRotation.y
      value: -0
      objectReference: {fileID: 0}
    - target: {fileID: 400000, guid: cbe626afcfb68814194fc158684d1e6b, type: 3}
      propertyPath: m_LocalRotation.z
      value: -0
      objectReference: {fileID: 0}
    - target: {fileID: 400000, guid: cbe626afcfb68814194fc158684d1e6b, type: 3}
      propertyPath: m_LocalRotation.w
      value: 1
      objectReference: {fileID: 0}
    - target: {fileID: 400000, guid: cbe626afcfb68814194fc158684d1e6b, type: 3}
      propertyPath: m_RootOrder
      value: 0
      objectReference: {fileID: 0}
    - target: {fileID: 400000, guid: cbe626afcfb68814194fc158684d1e6b, type: 3}
      propertyPath: m_LocalEulerAnglesHint.x
      value: 0
      objectReference: {fileID: 0}
    - target: {fileID: 400000, guid: cbe626afcfb68814194fc158684d1e6b, type: 3}
      propertyPath: m_LocalEulerAnglesHint.y
      value: 0
      objectReference: {fileID: 0}
    - target: {fileID: 400000, guid: cbe626afcfb68814194fc158684d1e6b, type: 3}
      propertyPath: m_LocalEulerAnglesHint.z
      value: 0
      objectReference: {fileID: 0}
    - target: {fileID: 100004, guid: cbe626afcfb68814194fc158684d1e6b, type: 3}
      propertyPath: m_Layer
      value: 9
      objectReference: {fileID: 0}
    - target: {fileID: 100002, guid: cbe626afcfb68814194fc158684d1e6b, type: 3}
      propertyPath: m_Layer
      value: 9
      objectReference: {fileID: 0}
    m_RemovedComponents: []
  m_SourcePrefab: {fileID: 100100000, guid: cbe626afcfb68814194fc158684d1e6b, type: 3}
--- !u!1001 &5112733449968315905
PrefabInstance:
  m_ObjectHideFlags: 0
  serializedVersion: 2
  m_Modification:
    m_TransformParent: {fileID: 5112733448330161299}
    m_Modifications:
    - target: {fileID: 100000, guid: 329aea7e1c70d514887ed1ff90f020e4, type: 3}
      propertyPath: m_Name
      value: Antenna_Short
      objectReference: {fileID: 0}
    - target: {fileID: 100000, guid: 329aea7e1c70d514887ed1ff90f020e4, type: 3}
      propertyPath: m_Layer
      value: 9
      objectReference: {fileID: 0}
    - target: {fileID: 400000, guid: 329aea7e1c70d514887ed1ff90f020e4, type: 3}
      propertyPath: m_LocalPosition.x
      value: -0.3812342
      objectReference: {fileID: 0}
    - target: {fileID: 400000, guid: 329aea7e1c70d514887ed1ff90f020e4, type: 3}
      propertyPath: m_LocalPosition.y
      value: 1.2538438
      objectReference: {fileID: 0}
    - target: {fileID: 400000, guid: 329aea7e1c70d514887ed1ff90f020e4, type: 3}
      propertyPath: m_LocalPosition.z
      value: -0.25345933
      objectReference: {fileID: 0}
    - target: {fileID: 400000, guid: 329aea7e1c70d514887ed1ff90f020e4, type: 3}
      propertyPath: m_LocalRotation.x
      value: 0
      objectReference: {fileID: 0}
    - target: {fileID: 400000, guid: 329aea7e1c70d514887ed1ff90f020e4, type: 3}
      propertyPath: m_LocalRotation.y
      value: -0
      objectReference: {fileID: 0}
    - target: {fileID: 400000, guid: 329aea7e1c70d514887ed1ff90f020e4, type: 3}
      propertyPath: m_LocalRotation.z
      value: -0
      objectReference: {fileID: 0}
    - target: {fileID: 400000, guid: 329aea7e1c70d514887ed1ff90f020e4, type: 3}
      propertyPath: m_LocalRotation.w
      value: 1
      objectReference: {fileID: 0}
    - target: {fileID: 400000, guid: 329aea7e1c70d514887ed1ff90f020e4, type: 3}
      propertyPath: m_RootOrder
      value: 5
      objectReference: {fileID: 0}
    - target: {fileID: 400000, guid: 329aea7e1c70d514887ed1ff90f020e4, type: 3}
      propertyPath: m_LocalEulerAnglesHint.x
      value: 0
      objectReference: {fileID: 0}
    - target: {fileID: 400000, guid: 329aea7e1c70d514887ed1ff90f020e4, type: 3}
      propertyPath: m_LocalEulerAnglesHint.y
      value: 0
      objectReference: {fileID: 0}
    - target: {fileID: 400000, guid: 329aea7e1c70d514887ed1ff90f020e4, type: 3}
      propertyPath: m_LocalEulerAnglesHint.z
      value: 0
      objectReference: {fileID: 0}
    - target: {fileID: 100002, guid: 329aea7e1c70d514887ed1ff90f020e4, type: 3}
      propertyPath: m_Layer
      value: 9
      objectReference: {fileID: 0}
    m_RemovedComponents: []
  m_SourcePrefab: {fileID: 100100000, guid: 329aea7e1c70d514887ed1ff90f020e4, type: 3}
--- !u!1001 &5524172065174331759
PrefabInstance:
  m_ObjectHideFlags: 0
  serializedVersion: 2
  m_Modification:
    m_TransformParent: {fileID: 5112733448689371310}
    m_Modifications:
    - target: {fileID: 1753253006014629257, guid: 79aa5abddee4a1548b2ac26beceb6230,
        type: 3}
      propertyPath: m_Name
      value: EnemyHp
      objectReference: {fileID: 0}
    - target: {fileID: 1753253006014629257, guid: 79aa5abddee4a1548b2ac26beceb6230,
        type: 3}
      propertyPath: m_Layer
      value: 9
      objectReference: {fileID: 0}
    - target: {fileID: 1753253006014629256, guid: 79aa5abddee4a1548b2ac26beceb6230,
        type: 3}
      propertyPath: m_LocalPosition.x
      value: 0
      objectReference: {fileID: 0}
    - target: {fileID: 1753253006014629256, guid: 79aa5abddee4a1548b2ac26beceb6230,
        type: 3}
      propertyPath: m_LocalPosition.y
      value: 0
      objectReference: {fileID: 0}
    - target: {fileID: 1753253006014629256, guid: 79aa5abddee4a1548b2ac26beceb6230,
        type: 3}
      propertyPath: m_LocalPosition.z
      value: -0
      objectReference: {fileID: 0}
    - target: {fileID: 1753253006014629256, guid: 79aa5abddee4a1548b2ac26beceb6230,
        type: 3}
      propertyPath: m_LocalRotation.x
      value: -0
      objectReference: {fileID: 0}
    - target: {fileID: 1753253006014629256, guid: 79aa5abddee4a1548b2ac26beceb6230,
        type: 3}
      propertyPath: m_LocalRotation.y
      value: 0.9926
      objectReference: {fileID: 0}
    - target: {fileID: 1753253006014629256, guid: 79aa5abddee4a1548b2ac26beceb6230,
        type: 3}
      propertyPath: m_LocalRotation.z
      value: -0
      objectReference: {fileID: 0}
    - target: {fileID: 1753253006014629256, guid: 79aa5abddee4a1548b2ac26beceb6230,
        type: 3}
      propertyPath: m_LocalRotation.w
      value: 0.12142967
      objectReference: {fileID: 0}
    - target: {fileID: 1753253006014629256, guid: 79aa5abddee4a1548b2ac26beceb6230,
        type: 3}
      propertyPath: m_RootOrder
      value: 2
      objectReference: {fileID: 0}
    - target: {fileID: 1753253006014629256, guid: 79aa5abddee4a1548b2ac26beceb6230,
        type: 3}
      propertyPath: m_LocalEulerAnglesHint.x
      value: 0
      objectReference: {fileID: 0}
    - target: {fileID: 1753253006014629256, guid: 79aa5abddee4a1548b2ac26beceb6230,
        type: 3}
      propertyPath: m_LocalEulerAnglesHint.y
      value: 0
      objectReference: {fileID: 0}
    - target: {fileID: 1753253006014629256, guid: 79aa5abddee4a1548b2ac26beceb6230,
        type: 3}
      propertyPath: m_LocalEulerAnglesHint.z
      value: 0
      objectReference: {fileID: 0}
    - target: {fileID: 1753253006014629256, guid: 79aa5abddee4a1548b2ac26beceb6230,
        type: 3}
      propertyPath: m_AnchoredPosition.x
      value: -0
      objectReference: {fileID: 0}
    - target: {fileID: 1753253006014629256, guid: 79aa5abddee4a1548b2ac26beceb6230,
        type: 3}
      propertyPath: m_AnchoredPosition.y
      value: 4.12
      objectReference: {fileID: 0}
    - target: {fileID: 1753253006014629256, guid: 79aa5abddee4a1548b2ac26beceb6230,
        type: 3}
      propertyPath: m_SizeDelta.x
      value: 0.85
      objectReference: {fileID: 0}
    - target: {fileID: 1753253006014629256, guid: 79aa5abddee4a1548b2ac26beceb6230,
        type: 3}
      propertyPath: m_SizeDelta.y
      value: 0.04
      objectReference: {fileID: 0}
    - target: {fileID: 1753253006014629256, guid: 79aa5abddee4a1548b2ac26beceb6230,
        type: 3}
      propertyPath: m_AnchorMin.x
      value: 0
      objectReference: {fileID: 0}
    - target: {fileID: 1753253006014629256, guid: 79aa5abddee4a1548b2ac26beceb6230,
        type: 3}
      propertyPath: m_AnchorMin.y
      value: 0
      objectReference: {fileID: 0}
    - target: {fileID: 1753253006014629256, guid: 79aa5abddee4a1548b2ac26beceb6230,
        type: 3}
      propertyPath: m_AnchorMax.x
      value: 0
      objectReference: {fileID: 0}
    - target: {fileID: 1753253006014629256, guid: 79aa5abddee4a1548b2ac26beceb6230,
        type: 3}
      propertyPath: m_AnchorMax.y
      value: 0
      objectReference: {fileID: 0}
    - target: {fileID: 1753253006014629256, guid: 79aa5abddee4a1548b2ac26beceb6230,
        type: 3}
      propertyPath: m_Pivot.x
      value: 0.5
      objectReference: {fileID: 0}
    - target: {fileID: 1753253006014629256, guid: 79aa5abddee4a1548b2ac26beceb6230,
        type: 3}
      propertyPath: m_Pivot.y
      value: 0.5
      objectReference: {fileID: 0}
    - target: {fileID: 1753253004498195695, guid: 79aa5abddee4a1548b2ac26beceb6230,
        type: 3}
      propertyPath: m_Layer
      value: 9
      objectReference: {fileID: 0}
    - target: {fileID: 1753253005643524193, guid: 79aa5abddee4a1548b2ac26beceb6230,
        type: 3}
      propertyPath: m_Layer
      value: 9
      objectReference: {fileID: 0}
    m_RemovedComponents: []
  m_SourcePrefab: {fileID: 100100000, guid: 79aa5abddee4a1548b2ac26beceb6230, type: 3}
--- !u!224 &6124054815488697575 stripped
RectTransform:
  m_CorrespondingSourceObject: {fileID: 1753253006014629256, guid: 79aa5abddee4a1548b2ac26beceb6230,
    type: 3}
  m_PrefabInstance: {fileID: 5524172065174331759}
  m_PrefabAsset: {fileID: 0}
