%YAML 1.1
%TAG !u! tag:unity3d.com,2011:
--- !u!1 &1117097161041374
GameObject:
  m_ObjectHideFlags: 0
  m_CorrespondingSourceObject: {fileID: 0}
  m_PrefabInstance: {fileID: 0}
  m_PrefabAsset: {fileID: 0}
  serializedVersion: 6
  m_Component:
  - component: {fileID: 4004947737470854}
  - component: {fileID: 33896446349446130}
  - component: {fileID: 23559072335253902}
  m_Layer: 0
  m_Name: Street_01_Decal_Text
  m_TagString: Untagged
  m_Icon: {fileID: 0}
  m_NavMeshLayer: 0
  m_StaticEditorFlags: 0
  m_IsActive: 1
--- !u!4 &4004947737470854
Transform:
  m_ObjectHideFlags: 0
  m_CorrespondingSourceObject: {fileID: 0}
  m_PrefabInstance: {fileID: 0}
  m_PrefabAsset: {fileID: 0}
  m_GameObject: {fileID: 1117097161041374}
  m_LocalRotation: {x: 0.000000021855694, y: 0, z: -0, w: 1}
  m_LocalPosition: {x: -0, y: 0, z: 0}
  m_LocalScale: {x: 1, y: 1, z: 1}
  m_Children: []
  m_Father: {fileID: 4801216556511656}
  m_RootOrder: 1
  m_LocalEulerAnglesHint: {x: 0, y: 0, z: 0}
--- !u!33 &33896446349446130
MeshFilter:
  m_ObjectHideFlags: 0
  m_CorrespondingSourceObject: {fileID: 0}
  m_PrefabInstance: {fileID: 0}
  m_PrefabAsset: {fileID: 0}
  m_GameObject: {fileID: 1117097161041374}
  m_Mesh: {fileID: 4300000, guid: 3337437c674f64f4da4b484c84c86cde, type: 3}
--- !u!23 &23559072335253902
MeshRenderer:
  m_ObjectHideFlags: 0
  m_CorrespondingSourceObject: {fileID: 0}
  m_PrefabInstance: {fileID: 0}
  m_PrefabAsset: {fileID: 0}
  m_GameObject: {fileID: 1117097161041374}
  m_Enabled: 1
  m_CastShadows: 1
  m_ReceiveShadows: 1
  m_DynamicOccludee: 1
  m_MotionVectors: 1
  m_LightProbeUsage: 1
  m_ReflectionProbeUsage: 1
  m_RenderingLayerMask: 1
  m_RendererPriority: 0
  m_Materials:
  - {fileID: 2100000, guid: b15565cd78232b544bf557b3d8856d74, type: 2}
  m_StaticBatchInfo:
    firstSubMesh: 0
    subMeshCount: 0
  m_StaticBatchRoot: {fileID: 0}
  m_ProbeAnchor: {fileID: 0}
  m_LightProbeVolumeOverride: {fileID: 0}
  m_ScaleInLightmap: 1
  m_PreserveUVs: 0
  m_IgnoreNormalsForChartDetection: 0
  m_ImportantGI: 0
  m_StitchLightmapSeams: 0
  m_SelectedEditorRenderState: 3
  m_MinimumChartSize: 4
  m_AutoUVMaxDistance: 0.5
  m_AutoUVMaxAngle: 89
  m_LightmapParameters: {fileID: 0}
  m_SortingLayerID: 0
  m_SortingLayer: 0
  m_SortingOrder: 0
--- !u!1 &1298899834343516
GameObject:
  m_ObjectHideFlags: 0
  m_CorrespondingSourceObject: {fileID: 0}
  m_PrefabInstance: {fileID: 0}
  m_PrefabAsset: {fileID: 0}
  serializedVersion: 6
  m_Component:
  - component: {fileID: 4801216556511656}
  m_Layer: 0
  m_Name: Street_01
  m_TagString: Untagged
  m_Icon: {fileID: 0}
  m_NavMeshLayer: 0
  m_StaticEditorFlags: 0
  m_IsActive: 1
--- !u!4 &4801216556511656
Transform:
  m_ObjectHideFlags: 0
  m_CorrespondingSourceObject: {fileID: 0}
  m_PrefabInstance: {fileID: 0}
  m_PrefabAsset: {fileID: 0}
  m_GameObject: {fileID: 1298899834343516}
  m_LocalRotation: {x: 0, y: 0, z: 0, w: 1}
  m_LocalPosition: {x: 0, y: 0, z: 0}
  m_LocalScale: {x: 5, y: 1, z: 5}
  m_Children:
  - {fileID: 4702725102391644}
  - {fileID: 4004947737470854}
  - {fileID: 429606464135948447}
  - {fileID: 1345192308352204330}
  - {fileID: 1484480789090409362}
  - {fileID: 3962205150330024284}
  - {fileID: 8369867353808368255}
  m_Father: {fileID: 0}
  m_RootOrder: 0
  m_LocalEulerAnglesHint: {x: 0, y: 0, z: 0}
--- !u!1 &1527501090689770
GameObject:
  m_ObjectHideFlags: 0
  m_CorrespondingSourceObject: {fileID: 0}
  m_PrefabInstance: {fileID: 0}
  m_PrefabAsset: {fileID: 0}
  serializedVersion: 6
  m_Component:
  - component: {fileID: 4702725102391644}
  - component: {fileID: 33940731319972552}
  - component: {fileID: 23641967181832454}
  - component: {fileID: 65796830999943692}
  - component: {fileID: 4393526142914030095}
  - component: {fileID: 6960248384415745252}
  - component: {fileID: 1132263142517200883}
  m_Layer: 0
  m_Name: Stree_01
  m_TagString: Untagged
  m_Icon: {fileID: 0}
  m_NavMeshLayer: 0
  m_StaticEditorFlags: 0
  m_IsActive: 1
--- !u!4 &4702725102391644
Transform:
  m_ObjectHideFlags: 0
  m_CorrespondingSourceObject: {fileID: 0}
  m_PrefabInstance: {fileID: 0}
  m_PrefabAsset: {fileID: 0}
  m_GameObject: {fileID: 1527501090689770}
  m_LocalRotation: {x: 0.000000021855694, y: 0, z: -0, w: 1}
  m_LocalPosition: {x: -0, y: 0, z: 0}
  m_LocalScale: {x: 1, y: 1, z: 1}
  m_Children: []
  m_Father: {fileID: 4801216556511656}
  m_RootOrder: 0
  m_LocalEulerAnglesHint: {x: 0, y: 0, z: 0}
--- !u!33 &33940731319972552
MeshFilter:
  m_ObjectHideFlags: 0
  m_CorrespondingSourceObject: {fileID: 0}
  m_PrefabInstance: {fileID: 0}
  m_PrefabAsset: {fileID: 0}
  m_GameObject: {fileID: 1527501090689770}
  m_Mesh: {fileID: 4300002, guid: 3337437c674f64f4da4b484c84c86cde, type: 3}
--- !u!23 &23641967181832454
MeshRenderer:
  m_ObjectHideFlags: 0
  m_CorrespondingSourceObject: {fileID: 0}
  m_PrefabInstance: {fileID: 0}
  m_PrefabAsset: {fileID: 0}
  m_GameObject: {fileID: 1527501090689770}
  m_Enabled: 1
  m_CastShadows: 1
  m_ReceiveShadows: 1
  m_DynamicOccludee: 1
  m_MotionVectors: 1
  m_LightProbeUsage: 1
  m_ReflectionProbeUsage: 1
  m_RenderingLayerMask: 1
  m_RendererPriority: 0
  m_Materials:
  - {fileID: 2100000, guid: d4922b83caaeb104d830636ee9a7e0ac, type: 2}
  - {fileID: 2100000, guid: 3d3a076321a72b941997f85504e2493c, type: 2}
  m_StaticBatchInfo:
    firstSubMesh: 0
    subMeshCount: 0
  m_StaticBatchRoot: {fileID: 0}
  m_ProbeAnchor: {fileID: 0}
  m_LightProbeVolumeOverride: {fileID: 0}
  m_ScaleInLightmap: 1
  m_PreserveUVs: 0
  m_IgnoreNormalsForChartDetection: 0
  m_ImportantGI: 0
  m_StitchLightmapSeams: 0
  m_SelectedEditorRenderState: 3
  m_MinimumChartSize: 4
  m_AutoUVMaxDistance: 0.5
  m_AutoUVMaxAngle: 89
  m_LightmapParameters: {fileID: 0}
  m_SortingLayerID: 0
  m_SortingLayer: 0
  m_SortingOrder: 0
--- !u!65 &65796830999943692
BoxCollider:
  m_ObjectHideFlags: 0
  m_CorrespondingSourceObject: {fileID: 0}
  m_PrefabInstance: {fileID: 0}
  m_PrefabAsset: {fileID: 0}
  m_GameObject: {fileID: 1527501090689770}
  m_Material: {fileID: 0}
  m_IsTrigger: 0
  m_Enabled: 1
  serializedVersion: 2
  m_Size: {x: 20, y: 2.4, z: 20}
  m_Center: {x: 0, y: 1.28, z: 0}
--- !u!65 &4393526142914030095
BoxCollider:
  m_ObjectHideFlags: 0
  m_CorrespondingSourceObject: {fileID: 0}
  m_PrefabInstance: {fileID: 0}
  m_PrefabAsset: {fileID: 0}
  m_GameObject: {fileID: 1527501090689770}
  m_Material: {fileID: 0}
  m_IsTrigger: 0
  m_Enabled: 1
  serializedVersion: 2
  m_Size: {x: 20, y: 3, z: 4.044682}
  m_Center: {x: 0, y: 1.5000005, z: 8.043198}
--- !u!65 &6960248384415745252
BoxCollider:
  m_ObjectHideFlags: 0
  m_CorrespondingSourceObject: {fileID: 0}
  m_PrefabInstance: {fileID: 0}
  m_PrefabAsset: {fileID: 0}
  m_GameObject: {fileID: 1527501090689770}
  m_Material: {fileID: 0}
  m_IsTrigger: 0
  m_Enabled: 1
  serializedVersion: 2
  m_Size: {x: 20, y: 3, z: 4.044682}
  m_Center: {x: 0, y: 1.5000005, z: -8}
--- !u!64 &1132263142517200883
MeshCollider:
  m_ObjectHideFlags: 0
  m_CorrespondingSourceObject: {fileID: 0}
  m_PrefabInstance: {fileID: 0}
  m_PrefabAsset: {fileID: 0}
  m_GameObject: {fileID: 1527501090689770}
  m_Material: {fileID: 0}
  m_IsTrigger: 0
  m_Enabled: 1
  serializedVersion: 3
  m_Convex: 0
  m_CookingOptions: 14
  m_Mesh: {fileID: 4300002, guid: 3337437c674f64f4da4b484c84c86cde, type: 3}
--- !u!1001 &425573557746977325
PrefabInstance:
  m_ObjectHideFlags: 0
  serializedVersion: 2
  m_Modification:
    m_TransformParent: {fileID: 4801216556511656}
    m_Modifications:
    - target: {fileID: 1135645638718586, guid: 84a756d80de789f49951c4bf8100dba4, type: 3}
      propertyPath: m_Name
      value: Block_04
      objectReference: {fileID: 0}
    - target: {fileID: 4983161973252786, guid: 84a756d80de789f49951c4bf8100dba4, type: 3}
      propertyPath: m_LocalPosition.x
      value: -0.07
      objectReference: {fileID: 0}
    - target: {fileID: 4983161973252786, guid: 84a756d80de789f49951c4bf8100dba4, type: 3}
      propertyPath: m_LocalPosition.y
      value: 1.17
      objectReference: {fileID: 0}
    - target: {fileID: 4983161973252786, guid: 84a756d80de789f49951c4bf8100dba4, type: 3}
      propertyPath: m_LocalPosition.z
      value: 0
      objectReference: {fileID: 0}
    - target: {fileID: 4983161973252786, guid: 84a756d80de789f49951c4bf8100dba4, type: 3}
      propertyPath: m_LocalRotation.x
      value: 0
      objectReference: {fileID: 0}
    - target: {fileID: 4983161973252786, guid: 84a756d80de789f49951c4bf8100dba4, type: 3}
      propertyPath: m_LocalRotation.y
      value: 0
      objectReference: {fileID: 0}
    - target: {fileID: 4983161973252786, guid: 84a756d80de789f49951c4bf8100dba4, type: 3}
      propertyPath: m_LocalRotation.z
      value: 0
      objectReference: {fileID: 0}
    - target: {fileID: 4983161973252786, guid: 84a756d80de789f49951c4bf8100dba4, type: 3}
      propertyPath: m_LocalRotation.w
      value: 1
      objectReference: {fileID: 0}
    - target: {fileID: 4983161973252786, guid: 84a756d80de789f49951c4bf8100dba4, type: 3}
      propertyPath: m_RootOrder
      value: 2
      objectReference: {fileID: 0}
    - target: {fileID: 4983161973252786, guid: 84a756d80de789f49951c4bf8100dba4, type: 3}
      propertyPath: m_LocalEulerAnglesHint.x
      value: 0
      objectReference: {fileID: 0}
    - target: {fileID: 4983161973252786, guid: 84a756d80de789f49951c4bf8100dba4, type: 3}
      propertyPath: m_LocalEulerAnglesHint.y
      value: 0
      objectReference: {fileID: 0}
    - target: {fileID: 4983161973252786, guid: 84a756d80de789f49951c4bf8100dba4, type: 3}
      propertyPath: m_LocalEulerAnglesHint.z
      value: 0
      objectReference: {fileID: 0}
    - target: {fileID: 4983161973252786, guid: 84a756d80de789f49951c4bf8100dba4, type: 3}
      propertyPath: m_LocalScale.x
      value: -0.3763539
      objectReference: {fileID: 0}
    - target: {fileID: 4983161973252786, guid: 84a756d80de789f49951c4bf8100dba4, type: 3}
      propertyPath: m_LocalScale.z
      value: 0.009416253
      objectReference: {fileID: 0}
    - target: {fileID: 4983161973252786, guid: 84a756d80de789f49951c4bf8100dba4, type: 3}
      propertyPath: m_LocalScale.y
      value: 0.37662
      objectReference: {fileID: 0}
    m_RemovedComponents: []
  m_SourcePrefab: {fileID: 100100000, guid: 84a756d80de789f49951c4bf8100dba4, type: 3}
--- !u!4 &429606464135948447 stripped
Transform:
  m_CorrespondingSourceObject: {fileID: 4983161973252786, guid: 84a756d80de789f49951c4bf8100dba4,
    type: 3}
  m_PrefabInstance: {fileID: 425573557746977325}
  m_PrefabAsset: {fileID: 0}
--- !u!1001 &1343404867252525822
PrefabInstance:
  m_ObjectHideFlags: 0
  serializedVersion: 2
  m_Modification:
    m_TransformParent: {fileID: 4801216556511656}
    m_Modifications:
    - target: {fileID: 1247686918119022, guid: f871b6dfb428d0e42bb3200e0a1ad05c, type: 3}
      propertyPath: m_Name
      value: Street_Light
      objectReference: {fileID: 0}
    - target: {fileID: 4414389196530900, guid: f871b6dfb428d0e42bb3200e0a1ad05c, type: 3}
      propertyPath: m_LocalPosition.x
      value: -3.69
      objectReference: {fileID: 0}
    - target: {fileID: 4414389196530900, guid: f871b6dfb428d0e42bb3200e0a1ad05c, type: 3}
      propertyPath: m_LocalPosition.y
      value: 2.6
      objectReference: {fileID: 0}
    - target: {fileID: 4414389196530900, guid: f871b6dfb428d0e42bb3200e0a1ad05c, type: 3}
      propertyPath: m_LocalPosition.z
      value: -0.09
      objectReference: {fileID: 0}
    - target: {fileID: 4414389196530900, guid: f871b6dfb428d0e42bb3200e0a1ad05c, type: 3}
      propertyPath: m_LocalRotation.x
      value: -0
      objectReference: {fileID: 0}
    - target: {fileID: 4414389196530900, guid: f871b6dfb428d0e42bb3200e0a1ad05c, type: 3}
      propertyPath: m_LocalRotation.y
      value: -1
      objectReference: {fileID: 0}
    - target: {fileID: 4414389196530900, guid: f871b6dfb428d0e42bb3200e0a1ad05c, type: 3}
      propertyPath: m_LocalRotation.z
      value: -0
      objectReference: {fileID: 0}
    - target: {fileID: 4414389196530900, guid: f871b6dfb428d0e42bb3200e0a1ad05c, type: 3}
      propertyPath: m_LocalRotation.w
      value: 0.0000023990867
      objectReference: {fileID: 0}
    - target: {fileID: 4414389196530900, guid: f871b6dfb428d0e42bb3200e0a1ad05c, type: 3}
      propertyPath: m_RootOrder
      value: 3
      objectReference: {fileID: 0}
    - target: {fileID: 4414389196530900, guid: f871b6dfb428d0e42bb3200e0a1ad05c, type: 3}
      propertyPath: m_LocalEulerAnglesHint.x
      value: 0
      objectReference: {fileID: 0}
    - target: {fileID: 4414389196530900, guid: f871b6dfb428d0e42bb3200e0a1ad05c, type: 3}
      propertyPath: m_LocalEulerAnglesHint.y
      value: -180.00002
      objectReference: {fileID: 0}
    - target: {fileID: 4414389196530900, guid: f871b6dfb428d0e42bb3200e0a1ad05c, type: 3}
      propertyPath: m_LocalEulerAnglesHint.z
      value: 0
      objectReference: {fileID: 0}
    - target: {fileID: 4414389196530900, guid: f871b6dfb428d0e42bb3200e0a1ad05c, type: 3}
      propertyPath: m_LocalScale.x
      value: 0.20000024
      objectReference: {fileID: 0}
    - target: {fileID: 4414389196530900, guid: f871b6dfb428d0e42bb3200e0a1ad05c, type: 3}
      propertyPath: m_LocalScale.z
      value: 0.20000023
      objectReference: {fileID: 0}
    m_RemovedComponents: []
  m_SourcePrefab: {fileID: 100100000, guid: f871b6dfb428d0e42bb3200e0a1ad05c, type: 3}
--- !u!4 &1345192308352204330 stripped
Transform:
  m_CorrespondingSourceObject: {fileID: 4414389196530900, guid: f871b6dfb428d0e42bb3200e0a1ad05c,
    type: 3}
  m_PrefabInstance: {fileID: 1343404867252525822}
  m_PrefabAsset: {fileID: 0}
--- !u!1001 &1483445371003060038
PrefabInstance:
  m_ObjectHideFlags: 0
  serializedVersion: 2
  m_Modification:
    m_TransformParent: {fileID: 4801216556511656}
    m_Modifications:
    - target: {fileID: 1247686918119022, guid: f871b6dfb428d0e42bb3200e0a1ad05c, type: 3}
      propertyPath: m_Name
      value: Street_Light (1)
      objectReference: {fileID: 0}
    - target: {fileID: 4414389196530900, guid: f871b6dfb428d0e42bb3200e0a1ad05c, type: 3}
      propertyPath: m_LocalPosition.x
      value: 4.26
      objectReference: {fileID: 0}
    - target: {fileID: 4414389196530900, guid: f871b6dfb428d0e42bb3200e0a1ad05c, type: 3}
      propertyPath: m_LocalPosition.y
      value: 2.6
      objectReference: {fileID: 0}
    - target: {fileID: 4414389196530900, guid: f871b6dfb428d0e42bb3200e0a1ad05c, type: 3}
      propertyPath: m_LocalPosition.z
      value: 0.085
      objectReference: {fileID: 0}
    - target: {fileID: 4414389196530900, guid: f871b6dfb428d0e42bb3200e0a1ad05c, type: 3}
      propertyPath: m_LocalRotation.x
      value: 0
      objectReference: {fileID: 0}
    - target: {fileID: 4414389196530900, guid: f871b6dfb428d0e42bb3200e0a1ad05c, type: 3}
      propertyPath: m_LocalRotation.y
      value: 0
      objectReference: {fileID: 0}
    - target: {fileID: 4414389196530900, guid: f871b6dfb428d0e42bb3200e0a1ad05c, type: 3}
      propertyPath: m_LocalRotation.z
      value: 0
      objectReference: {fileID: 0}
    - target: {fileID: 4414389196530900, guid: f871b6dfb428d0e42bb3200e0a1ad05c, type: 3}
      propertyPath: m_LocalRotation.w
      value: 1
      objectReference: {fileID: 0}
    - target: {fileID: 4414389196530900, guid: f871b6dfb428d0e42bb3200e0a1ad05c, type: 3}
      propertyPath: m_RootOrder
      value: 4
      objectReference: {fileID: 0}
    - target: {fileID: 4414389196530900, guid: f871b6dfb428d0e42bb3200e0a1ad05c, type: 3}
      propertyPath: m_LocalEulerAnglesHint.x
      value: 0
      objectReference: {fileID: 0}
    - target: {fileID: 4414389196530900, guid: f871b6dfb428d0e42bb3200e0a1ad05c, type: 3}
      propertyPath: m_LocalEulerAnglesHint.y
      value: 0
      objectReference: {fileID: 0}
    - target: {fileID: 4414389196530900, guid: f871b6dfb428d0e42bb3200e0a1ad05c, type: 3}
      propertyPath: m_LocalEulerAnglesHint.z
      value: 0
      objectReference: {fileID: 0}
    - target: {fileID: 4414389196530900, guid: f871b6dfb428d0e42bb3200e0a1ad05c, type: 3}
      propertyPath: m_LocalScale.x
      value: 0.20000024
      objectReference: {fileID: 0}
    - target: {fileID: 4414389196530900, guid: f871b6dfb428d0e42bb3200e0a1ad05c, type: 3}
      propertyPath: m_LocalScale.z
      value: 0.20000023
      objectReference: {fileID: 0}
    m_RemovedComponents: []
  m_SourcePrefab: {fileID: 100100000, guid: f871b6dfb428d0e42bb3200e0a1ad05c, type: 3}
--- !u!4 &1484480789090409362 stripped
Transform:
  m_CorrespondingSourceObject: {fileID: 4414389196530900, guid: f871b6dfb428d0e42bb3200e0a1ad05c,
    type: 3}
  m_PrefabInstance: {fileID: 1483445371003060038}
  m_PrefabAsset: {fileID: 0}
--- !u!1001 &3959572588557063560
PrefabInstance:
  m_ObjectHideFlags: 0
  serializedVersion: 2
  m_Modification:
    m_TransformParent: {fileID: 4801216556511656}
    m_Modifications:
    - target: {fileID: 1247686918119022, guid: f871b6dfb428d0e42bb3200e0a1ad05c, type: 3}
      propertyPath: m_Name
      value: Street_Light (2)
      objectReference: {fileID: 0}
    - target: {fileID: 4414389196530900, guid: f871b6dfb428d0e42bb3200e0a1ad05c, type: 3}
      propertyPath: m_LocalPosition.x
      value: -3.69
      objectReference: {fileID: 0}
    - target: {fileID: 4414389196530900, guid: f871b6dfb428d0e42bb3200e0a1ad05c, type: 3}
      propertyPath: m_LocalPosition.y
      value: 2.6
      objectReference: {fileID: 0}
    - target: {fileID: 4414389196530900, guid: f871b6dfb428d0e42bb3200e0a1ad05c, type: 3}
      propertyPath: m_LocalPosition.z
      value: -6.256
      objectReference: {fileID: 0}
    - target: {fileID: 4414389196530900, guid: f871b6dfb428d0e42bb3200e0a1ad05c, type: 3}
      propertyPath: m_LocalRotation.x
      value: -0
      objectReference: {fileID: 0}
    - target: {fileID: 4414389196530900, guid: f871b6dfb428d0e42bb3200e0a1ad05c, type: 3}
      propertyPath: m_LocalRotation.y
      value: -0.0000028759237
      objectReference: {fileID: 0}
    - target: {fileID: 4414389196530900, guid: f871b6dfb428d0e42bb3200e0a1ad05c, type: 3}
      propertyPath: m_LocalRotation.z
      value: -0
      objectReference: {fileID: 0}
    - target: {fileID: 4414389196530900, guid: f871b6dfb428d0e42bb3200e0a1ad05c, type: 3}
      propertyPath: m_LocalRotation.w
      value: -1
      objectReference: {fileID: 0}
    - target: {fileID: 4414389196530900, guid: f871b6dfb428d0e42bb3200e0a1ad05c, type: 3}
      propertyPath: m_RootOrder
      value: 5
      objectReference: {fileID: 0}
    - target: {fileID: 4414389196530900, guid: f871b6dfb428d0e42bb3200e0a1ad05c, type: 3}
      propertyPath: m_LocalEulerAnglesHint.x
      value: 0
      objectReference: {fileID: 0}
    - target: {fileID: 4414389196530900, guid: f871b6dfb428d0e42bb3200e0a1ad05c, type: 3}
      propertyPath: m_LocalEulerAnglesHint.y
      value: -360
      objectReference: {fileID: 0}
    - target: {fileID: 4414389196530900, guid: f871b6dfb428d0e42bb3200e0a1ad05c, type: 3}
      propertyPath: m_LocalEulerAnglesHint.z
      value: 0
      objectReference: {fileID: 0}
    - target: {fileID: 4414389196530900, guid: f871b6dfb428d0e42bb3200e0a1ad05c, type: 3}
      propertyPath: m_LocalScale.x
      value: 0.20000024
      objectReference: {fileID: 0}
    - target: {fileID: 4414389196530900, guid: f871b6dfb428d0e42bb3200e0a1ad05c, type: 3}
      propertyPath: m_LocalScale.z
      value: 0.20000023
      objectReference: {fileID: 0}
    - target: {fileID: 4315879235317026, guid: f871b6dfb428d0e42bb3200e0a1ad05c, type: 3}
      propertyPath: m_LocalRotation.x
      value: 0.000000021855694
      objectReference: {fileID: 0}
    - target: {fileID: 4315879235317026, guid: f871b6dfb428d0e42bb3200e0a1ad05c, type: 3}
      propertyPath: m_LocalRotation.w
      value: 1
      objectReference: {fileID: 0}
    m_RemovedComponents: []
  m_SourcePrefab: {fileID: 100100000, guid: f871b6dfb428d0e42bb3200e0a1ad05c, type: 3}
--- !u!4 &3962205150330024284 stripped
Transform:
  m_CorrespondingSourceObject: {fileID: 4414389196530900, guid: f871b6dfb428d0e42bb3200e0a1ad05c,
    type: 3}
  m_PrefabInstance: {fileID: 3959572588557063560}
  m_PrefabAsset: {fileID: 0}
--- !u!1001 &8369958454665107115
PrefabInstance:
  m_ObjectHideFlags: 0
  serializedVersion: 2
  m_Modification:
    m_TransformParent: {fileID: 4801216556511656}
    m_Modifications:
    - target: {fileID: 1247686918119022, guid: f871b6dfb428d0e42bb3200e0a1ad05c, type: 3}
      propertyPath: m_Name
      value: Street_Light (3)
      objectReference: {fileID: 0}
    - target: {fileID: 4414389196530900, guid: f871b6dfb428d0e42bb3200e0a1ad05c, type: 3}
      propertyPath: m_LocalPosition.x
      value: 4.2600036
      objectReference: {fileID: 0}
    - target: {fileID: 4414389196530900, guid: f871b6dfb428d0e42bb3200e0a1ad05c, type: 3}
      propertyPath: m_LocalPosition.y
      value: 2.6
      objectReference: {fileID: 0}
    - target: {fileID: 4414389196530900, guid: f871b6dfb428d0e42bb3200e0a1ad05c, type: 3}
      propertyPath: m_LocalPosition.z
      value: -6.241
      objectReference: {fileID: 0}
    - target: {fileID: 4414389196530900, guid: f871b6dfb428d0e42bb3200e0a1ad05c, type: 3}
      propertyPath: m_LocalRotation.x
      value: -0
      objectReference: {fileID: 0}
    - target: {fileID: 4414389196530900, guid: f871b6dfb428d0e42bb3200e0a1ad05c, type: 3}
      propertyPath: m_LocalRotation.y
      value: -0.0000001490116
      objectReference: {fileID: 0}
    - target: {fileID: 4414389196530900, guid: f871b6dfb428d0e42bb3200e0a1ad05c, type: 3}
      propertyPath: m_LocalRotation.z
      value: -0
      objectReference: {fileID: 0}
    - target: {fileID: 4414389196530900, guid: f871b6dfb428d0e42bb3200e0a1ad05c, type: 3}
      propertyPath: m_LocalRotation.w
      value: 1
      objectReference: {fileID: 0}
    - target: {fileID: 4414389196530900, guid: f871b6dfb428d0e42bb3200e0a1ad05c, type: 3}
      propertyPath: m_RootOrder
      value: 6
      objectReference: {fileID: 0}
    - target: {fileID: 4414389196530900, guid: f871b6dfb428d0e42bb3200e0a1ad05c, type: 3}
      propertyPath: m_LocalEulerAnglesHint.x
      value: 0
      objectReference: {fileID: 0}
    - target: {fileID: 4414389196530900, guid: f871b6dfb428d0e42bb3200e0a1ad05c, type: 3}
      propertyPath: m_LocalEulerAnglesHint.y
      value: 0
      objectReference: {fileID: 0}
    - target: {fileID: 4414389196530900, guid: f871b6dfb428d0e42bb3200e0a1ad05c, type: 3}
      propertyPath: m_LocalEulerAnglesHint.z
      value: 0
      objectReference: {fileID: 0}
    - target: {fileID: 4414389196530900, guid: f871b6dfb428d0e42bb3200e0a1ad05c, type: 3}
      propertyPath: m_LocalScale.x
      value: 0.20000024
      objectReference: {fileID: 0}
    - target: {fileID: 4414389196530900, guid: f871b6dfb428d0e42bb3200e0a1ad05c, type: 3}
      propertyPath: m_LocalScale.z
      value: 0.20000023
      objectReference: {fileID: 0}
    m_RemovedComponents: []
  m_SourcePrefab: {fileID: 100100000, guid: f871b6dfb428d0e42bb3200e0a1ad05c, type: 3}
--- !u!4 &8369867353808368255 stripped
Transform:
  m_CorrespondingSourceObject: {fileID: 4414389196530900, guid: f871b6dfb428d0e42bb3200e0a1ad05c,
    type: 3}
  m_PrefabInstance: {fileID: 8369958454665107115}
  m_PrefabAsset: {fileID: 0}
